3117 5034
611 277 691 336 12

390 458 583 517 1793.
603 459 875 515 accurate
918 455 1228 532 compositi
1271 460 1340 514 ut
1385 455 1478 514 bis
1524 455 1925 532 producantur
1954 473 2144 533 usque
2175 456 2251 515 ad
2280 456 2539 516 tricenas
2571 455 2860 531 syllabas.

390 1522 579 1580 20οΔ.

603 562 679 621 Ιιι
723 562 1068 622 universum
1125 567 1270 621 sunt
1322 562 1556 622 numeri
1612 563 1741 622 sine
1794 562 1920 621 ulla
1968 563 2191 622 formae
2237 563 2487 623 traditae
2532 564 2863 623 mutatione

604 669 780 728 valde
825 669 1140 729 manifesti.
1219 667 1418 728 Semel
1465 669 1707 747 quidem
1753 669 2222 729 additamentum
2268 670 2593 729 scribarum
2626 675 2721 730 est
2748 689 2863 746 per

604 793 882 836 numeros
937 776 1260 851 detectum,
1316 794 1456 834 nam
1511 771 1665 858 ἡμῖν
1717 793 1835 834 non
1892 776 2083 836 solum
2140 775 2453 836 manifesto
2500 794 2859 853 supervaca-

603 901 782 941 neum
836 887 955 956 est,
1013 883 1122 942 sed
1176 883 1356 942 etiam
1409 883 1664 958 figuram
1717 882 2121 960 responsionis
2178 883 2352 942 delet.
2454 883 2631 942 Nunc
2686 882 2860 942 initio

608 989 830 1064 dialogi
874 989 1210 1048 examinato
1257 991 1331 1049 ad
1377 990 1560 1048 finem
1607 994 2019 1049 convertamur
2062 995 2131 1049 ut
2183 990 2481 1049 discamus
2536 1008 2682 1048 num
2728 988 2860 1048 illic

605 1112 842 1173 quoque
896 1096 1130 1155 numeri
1186 1097 1482 1156 observari
1538 1095 1785 1172 possint.
1878 1096 2082 1156 Placet
2126 1115 2162 1154 a
2207 1097 2397 1172 prima
2447 1097 2697 1172 paginae
2743 1095 2858 1154 du-

604 1203 962 1262 centesimae
1008 1202 1209 1262 littera
1252 1203 1490 1262 initium
1535 1203 1871 1280 apponendi
1902 1221 2161 1278 sumere,
2208 1221 2341 1263 cum
2375 1204 2737 1276 Badhamus,
2784 1207 2861 1260 ut

605 1309 781 1383 solet,
847 1309 986 1369 stilo
1039 1328 1210 1369 verso
1264 1311 1442 1370 verba
1505 1299 1700 1390 ᾤμων
1754 1327 1829 1370 σε
1883 1304 2173 1392 εὑρήσειν
2226 1310 2527 1369 deleverit.
2629 1309 2857 1393 Tamen

605 1414 749 1492 quid
797 1416 967 1475 nobis
1013 1417 1512 1491 interrogantibus
1557 1417 1921 1493 respondent
1965 1417 2237 1475 numeri?

786 1522 1052 1582 Primum
1079 1523 1332 1599 figuram
1356 1529 1625 1600 quartam
1652 1528 1983 1582 monstrant
2006 1523 2185 1582 huius
2207 1522 2430 1583 formae
2454 1523 2857 1583 abcdd¹c¹b¹a⁴t

602 1627 660 1708 a)
707 1620 970 1712 ἀνδρεία
1025 1624 1064 1690 δ’
1105 1648 1169 1689 τι
1228 1620 1421 1690 ἔστιν.
1479 1625 1634 1712 [Νι.]
1698 1623 1791 1690 Οὐ
1844 1623 2248 1711 φαινόμεθα.
2310 1626 2493 1711 [Λα.]
2542 1622 2675 1689 Καὶ
2728 1625 2861 1712 μὴν

609 1728 811 1817 ἔγωγ’,
879 1727 932 1795 ὦ
987 1727 1187 1818 φί[λε]
1224 1783 1236 1797 .
1271 1782 1284 1795 .
1319 1783 1331 1797 .
1377 1756 1391 1796 :
1431 1738 1507 1814 α’)
1556 1723 1789 1819 [εἶ]χον,
1849 1732 1938 1809 ὡς
1990 1742 2071 1820 τῇ
2126 1733 2314 1817 παρὰ
2369 1742 2485 1797 τοῦ
2540 1730 2861 1813 Δάμωνος

605 1834 809 1926 σοφίᾳ
833 1837 1031 1926 αὐτὴν
1058 1837 1424 1926 ἀνευρήσεις
1445 1840 1654 1924 (Ξ-ᾺῘ
1654 1881 2517 1904 --------------
2532 1841 2615 1922 κ-ι).
2662 1842 2858 1902 Inter-

610 1950 766 2010 iecta
820 1955 961 2009 sunt
1012 1949 1299 2026 primum3
1365 1948 1424 2029 b)
1478 1943 1591 2010 καὶ
1646 1946 1773 2033 μὴν
1830 1943 2013 2031 ἔγωγ’
2070 1941 2123 2011 ὦ
2180 1941 2332 2032 φίλε
2386 1941 2639 2031 Νι[κία]
2684 1995 2697 2008 .
2731 1995 2791 2008 ..
2838 1968 2854 2008 :

605 2057 684 2134 b·)
734 2047 1002 2137 [s‘stlm'd'
1053 2044 1238 2134 εἶχον,
1288 2051 1378 2128 ὡς
1421 2061 1500 2139 τῇ
1545 2053 1736 2136 παρὰ
1781 2061 1897 2117 τοῦ
1928 2055 2479 2135 (suom-„2043
2527 2061 2653 2115 tum
2700 2052 2754 2133 c)
2800 2045 2857 2114 ὦ

606 2153 759 2246 φίλε
811 2153 1020 2222 Νικία
1075 2151 1129 2242 ᾤ
1171 2181 1300 2245 μην
1365 2209 1378 2222 .
1431 2209 1443 2221 .
1495 2208 1508 2222 .
1564 2183 1577 2222 :
1628 2160 1706 2241 c¹)
1781 2182 1948 2224 -νου,
2008 2157 2188 2222 πάνυ
2245 2157 2324 2246 δὴ
2390 2157 2674 2246 μεγάλην
2738 2154 2855 2220 ἐλ-

607 2270 626 2348 (
627 2307 1111 2331 --------
1111 2267 1132 2348 )
1145 2289 1159 2346 ;
1217 2271 1474 2346 denique
1530 2270 1592 2345 d)
1659 2269 1719 2329 σ’
1778 2265 2083 2352 εὑρήσειν,
2141 2263 2375 2352 ἐπειδὴ
2441 2262 2599 2347 ἐμοῦ
2660 2286 2855 2328 κατε-

607 2369 780 2458 φρό-
825 2395 838 2435 :
883 2391 1082 2458 νησας
1145 2370 1478 2457 Σωκράτει
1546 2368 2071 2457 ἀποκριναμένου
2126 2375 2853 2454 (--..υκ-κψυ-ψυκ-κ).

605 2481 808 2542 Verba
850 2482 1057 2558 igitur,
1104 2501 1254 2559 quae
1311 2483 1655 2542 Badhamus
1702 2487 1979 2560 suspecta
2025 2483 2300 2558 habebat,
2355 2483 2532 2558 longe
2577 2483 2743 2542 abest
2788 2487 2857 2541 ut

608 2589 860 2649 delenda
913 2589 1059 2664 sint,
1117 2607 1366 2649 numero
1421 2589 1666 2666 quidem
1721 2589 1942 2664 iudice,
2000 2607 2193 2668 neque
2247 2589 2429 2649 ceteri
2474 2589 2732 2649 editores
2778 2589 2853 2648 de

604 2697 702 2756 via.
763 2715 799 2756 a
861 2695 1164 2755 Badhamo
1231 2696 1446 2755 deflexi
1515 2700 1673 2755 sunt.
1786 2695 2017 2756 Nomen
2083 2690 2327 2773 Δάμων
2398 2696 2557 2773 apud
2620 2695 2854 2754 nullum

605 2808 868 2880 poetam,
933 2803 1090 2880 quod
1147 2803 1356 2878 sciam,
1422 2803 1643 2879 legitur
1704 2821 1899 2880 neque
1963 2821 2040 2862 ex
2094 2803 2289 2863 radice
2350 2803 2541 2880 ipsius
2597 2802 2854 2862 nominis

605 2915 767 2970 certo
821 2909 1096 2985 cognosci
1151 2915 1373 2986 potest,
1429 2915 1633 2969 utrum
1686 2910 1848 2987 prior
1894 2910 2124 2984 syllaba
2168 2910 2365 2970 brevis
2413 2910 2491 2969 sit
2536 2927 2613 2968 an
2660 2909 2852 2985 longa,

606 3016 723 3076 etsi
766 3033 978 3092 parum
1022 3020 1115 3074 est
1161 3016 1484 3075 verisimile
1527 3017 1725 3077 Attico
1772 3016 1999 3076 homini
2043 3035 2260 3076 nomen
2313 3015 2504 3076 fuisse
2559 3034 2595 3074 a
2642 3015 2855 3075 Dorico

607 3118 815 3200 δᾶμος
868 3122 1138 3198 ductum,
1194 3122 1382 3182 multo
1427 3128 1627 3182 autem
1673 3123 2057 3184 verisimilius
2106 3125 2349 3184 subesse
2398 3123 2640 3200 stirpem
2688 3122 2855 3181 verbi

608 3224 891 3312 ὃόςιινημι
939 3229 1034 3288 vel
1079 3217 1310 3307 δᾶμάω
1357 3229 1515 3310 (vide
1564 3228 1795 3290 Griech.
1838 3230 2376 3304 Personennamen,
2422 3229 2855 3289 Fick-Bechtel

608 3357 669 3415 p.
705 3334 828 3415 89).
920 3337 1040 3398 Sed
1094 3342 1410 3414 postquam
1454 3355 1532 3397 ex
1576 3337 1768 3396 tribus
1815 3337 1963 3396 locis
2009 3337 2186 3396 huius
2232 3337 2479 3412 dialogi,
2537 3337 2639 3395 ubi
2683 3336 2854 3395 Plato

607 3445 720 3504 hoc
770 3461 986 3503 nomen
1043 3443 1306 3519 scripsit,
1361 3461 1506 3503 usus
1562 3443 1785 3503 auxilio
1841 3462 2219 3504 numerorum
2276 3444 2563 3519 syllabam
2612 3445 2855 3502 brevem

607 3567 740 3610 esse
786 3550 1092 3627 perspexi,
1149 3549 1328 3608 etiam
1381 3550 1787 3609 testimonium
1842 3557 2070 3610 certum
2126 3551 2286 3628 apud
2331 3550 2719 3609 Plutarchum
2764 3549 2854 3606 in-

609 3656 772 3730 veni,
819 3657 922 3734 qui
966 3657 1028 3715 in
1076 3656 1231 3715 vitae
1260 3655 1508 3716 Periclis
1554 3657 1747 3733 capite
1790 3662 2003 3734 quarto
2050 3657 2124 3718 de
2170 3658 2282 3716 hoc
2317 3656 2556 3716 nomine
2587 3655 2850 3732 scripsit:

609 3757 1006 3824 διδάσκαλον
1051 3755 1249 3822 αὐτοῦ
1287 3766 1416 3822 τῶν
1444 3767 1777 3841 μουσικῶν
1808 3754 1868 3824 οἳ
1902 3758 2209 3824 πλεῖστοι
2242 3757 2517 3841 Δάμονα
2548 3756 2854 3843 γενέσθαι

608 3857 890 3950 λέγουσι,
951 3858 1031 3930 οὗ
1078 3886 1245 3952 φασι
1303 3864 1464 3929 δεῖν
1516 3863 1855 3947 τοῦνομα
1908 3865 2426 3950 βραχύνοντας
2479 3866 2611 3952 τὴν
2654 3886 2851 3951 προ-

607 3970 834 4058 τέραν
897 3971 1278 4060 συλλαβὴν
1342 3969 1717 4059 ἐκφέρειν.
1830 3977 2096 4052 Pei-gunt
2158 3978 2391 4036 numeri
2448 3977 2563 4036 sic:
2634 3971 2722 4049 ὡς
2774 3981 2853 4059 τῇ

607 4079 797 4165 παρὰ
842 4088 958 4144 τοῦ
1003 4076 1319 4160 Δάμωνος
1373 4075 1579 4166 σοφίᾳ
1634 4076 1833 4166 αὐτὴν
1878 4077 2001 4143 άν-
2052 4130 2063 4143 .
2100 4130 2112 4143 .
2146 4130 2160 4144 .
2196 4104 2209 4143 :
2242 4078 2477 4168 Λάχης
2521 4078 2625 4143 ὅτι
2674 4075 2855 4142 οὐδὲν

610 4179 734 4251 οἴει
783 4207 860 4250 συ
908 4180 1004 4251 ἔτι
1054 4186 1302 4271 πραγμ’
1337 4177 1511 4251 εἶναῖ
1521 4215 1540 4266 ,·
1584 4191 1898 4251 interiecta
1927 4192 2107 4250 verba
2151 4191 2309 4250 inter
2340 4208 2405 4250 se
2438 4189 2855 4267 respondentia

608 4314 798 4374 pausa
851 4297 1012 4357 vocis
1078 4302 1452 4374 separantur,
1507 4303 1575 4357 ut
1630 4298 1762 4357 fieri
1815 4298 1993 4358 solet:
2052 4291 2490 4381 [ἀν]ευβήσεις.
2528 4316 2540 4357 :
2578 4291 2712 4379 [Νι]
2761 4285 2855 4355 Εὖ
