3117 5034
571 313 652 371 22

354 495 463 552 183
476 495 546 551 Ε.
569 490 934 552 Gedanensis
987 510 1142 551 anno
1191 493 1384 568 1834)
1447 493 1522 553 de
1586 494 1699 552 hac
1760 511 1825 553 re
1890 492 2059 553 dixit.
2163 493 2313 554 Sunt
2368 495 2529 554 enim
2582 495 2646 553 in
2701 495 2811 553 hac

359 1995 466 2051 193
479 1994 542 2050 G.

567 597 850 658 Lachetis
912 599 1173 659 oratione
1237 599 1364 658 sola
1425 618 1543 659 non
1610 601 1805 659 minus
1870 619 2049 677 quam
2112 605 2391 678 quattuor
2444 601 2808 660 anacolutha.

567 706 740 765 Plato
784 705 968 781 igitur
1012 711 1128 766 τοῦ
1168 705 1530 784 μιμεῖσθαι
1577 699 1764 767 ἕνεκα
1773 755 1791 786 ,
1838 707 1899 767 id
1945 708 2105 784 quod
2148 709 2500 769 Aristoteles
2543 708 2607 766 in
2653 701 2811 789 περὶ

568 819 925 897 ποιητικῆς
975 809 1231 874 affirmat
1293 815 1629 891 tragoediae
1684 819 1927 874 naturae
1983 815 2245 874 maxime
2300 815 2606 892 proprium
2659 832 2809 885 esse,

571 919 890 980 Lachetem
953 920 1304 996 excitatum,
1381 921 1705 981 secundum
1779 921 2037 980 militum
2110 922 2409 982 seniorum
2476 940 2673 982 mores
2738 922 2813 982 de

568 1027 787 1103 pugnis
852 1027 1148 1104 prioribus
1213 1028 1582 1106 loquentium
1599 1075 1613 1104 ,
1677 1028 1981 1088 enuntiata
2051 1028 2345 1089 disiuncta
2407 1029 2811 1090 effundentem

567 1133 734 1208 facit,
789 1133 919 1211 ipse
975 1139 1171 1194 autem
1227 1140 1410 1195 artem
1470 1140 1597 1195 arte
1660 1135 1906 1195 celando
1958 1140 2055 1194 est
2108 1135 2264 1195 male
2320 1140 2633 1196 contentus
2697 1135 2813 1195 nisi

569 1259 776 1301 omnes
838 1242 950 1300 hae
1015 1243 1347 1302 sententiae
1406 1243 1695 1303 infractae
1758 1242 1994 1319 legibus
2050 1261 2431 1304 numerorum
2487 1247 2700 1320 parent
2754 1247 2815 1302 et

570 1347 903 1408 oboediunt.
1003 1347 1133 1408 Iam
1189 1349 1334 1409 mihi
1390 1349 1594 1410 videor
1647 1367 1924 1411 numeros
1988 1350 2054 1408 in
2120 1350 2293 1410 initio
2347 1351 2587 1427 fineque
2632 1349 2815 1408 huius

571 1455 818 1532 dialogi,
864 1459 926 1516 et
968 1454 1029 1514 in
1076 1456 1190 1516 hac
1219 1457 1497 1517 Lachetis
1542 1457 1803 1516 oratione
1850 1456 2024 1532 longa
2065 1456 2207 1516 satis
2238 1456 2417 1533 plane
2446 1456 2814 1534 exposuisse.

569 1563 662 1623 Ne
717 1561 852 1640 quis
905 1567 1106 1623 autem
1159 1565 1340 1624 etiam
1395 1582 1557 1623 nunc
1611 1564 1685 1624 de
1737 1564 1851 1623 hac
1902 1582 1967 1624 re
2013 1563 2260 1624 minime
2305 1564 2485 1623 dubia
2526 1563 2591 1622 in
2636 1562 2817 1622 dubio

571 1670 675 1744 sit,
720 1669 1018 1748 reliquum
1060 1675 1156 1730 est
1198 1675 1266 1729 ut
1309 1671 1647 1730 examinem
1693 1670 1953 1748 aliquem
1998 1689 2077 1730 ex
2120 1670 2209 1730 eis
2254 1670 2433 1745 locis,
2478 1670 2581 1730 ubi
2612 1670 2816 1746 dispu-

571 1782 790 1838 tatores
854 1778 1119 1855 partibus
1182 1778 1388 1856 rapide
1450 1777 1696 1839 mutatis
1762 1795 2093 1837 sermonem
2156 1778 2315 1839 inter
2368 1793 2434 1839 se
2492 1777 2817 1853 excipiunt.

570 1885 667 1943 Ad
718 1902 848 1944 eam
901 1903 1028 1946 rem
1082 1885 1502 1944 illustrandum
1558 1885 1707 1943 mihi
1763 1884 2020 1943 maxime
2077 1885 2325 1944 idoneus
2372 1884 2607 1944 videtur
2650 1884 2818 1944 locus

571 1992 646 2050 ad
709 1992 984 2068 paginam
1023 1993 1146 2052 193
1183 1991 1244 2052 Ο.
1301 1993 1403 2052 ubi
1469 1992 1741 2065 Socrates
1794 1991 2025 2051 Laches
2087 1991 2291 2051 Nicias
2358 1992 2509 2052 alter
2571 1991 2819 2051 alterius

573 2116 906 2160 sermonem
966 2099 1408 2176 interrumpens
1471 2103 1724 2158 utuntur
1778 2115 1995 2175 genere
2051 2098 2304 2175 quodam
2364 2098 2819 2174 stichomythiae

573 2205 671 2265 vel
713 2206 914 2282 potius
960 2206 1283 2282 enallage8‚
1339 2206 1390 2266 si
1437 2206 1581 2266 licet
1623 2206 2080 2283 appellationeS‚
2135 2205 2355 2283 quibus
2410 2205 2565 2283 apud
2611 2211 2818 2282 poetas

574 2314 874 2375 scaenicas
922 2315 1009 2374 uti
1056 2314 1340 2389 solemus,
1395 2315 1471 2374 ad
1523 2314 1790 2389 dialogos
1834 2315 2177 2373 transferre.
2266 2314 2360 2372 Ad
2409 2312 2671 2372 crebram
2715 2330 2817 2370 no-

572 2421 803 2480 minum
855 2421 1259 2500 repititionem
1314 2420 1616 2480 vitandam
1678 2426 1841 2480 recta
1904 2420 2065 2479 linea
2126 2419 2305 2480 ducta
2360 2416 2490 2497 (—)
2546 2417 2817 2493 indicavi,

573 2529 676 2588 ubi
741 2528 1074 2606 disputator
1135 2529 1288 2589 alter
1333 2528 1530 2588 dicere
1587 2527 1814 2605 incipit.
1918 2526 2131 2588 Statim
2186 2532 2432 2604 apparet
2487 2525 2675 2602 figura
2730 2542 2819 2584 se-

573 2635 793 2697 cunda:
841 2641 1290 2718 καρτεροῦντα.
1336 2670 1418 2678 -
1470 2628 1661 2694 Πάνυ
1699 2653 1770 2715 γε
1827 2669 1909 2678 -
1958 2627 2093 2694 Καὶ
2142 2679 2155 2692 .
2190 2680 2203 2693 .
2238 2679 2251 2692 .
2294 2662 2359 2682 =
2406 2627 2675 2692 -λουσιν
2728 2621 2823 2704 εἷς

576 2736 782 2826 φρέαρ
828 2763 995 2803 κατα
1004 2733 1137 2820 βαί
1149 2739 1435 2824 [νοντες];
1482 2742 1793 2802 interiecta
1837 2747 1980 2802 sunt
2024 2759 2094 2821 γε
2142 2776 2223 2786 —
2272 2733 2408 2800 Καὶ
2445 2733 2592 2799 ὅσοι
2632 2768 2698 2788 ---
2742 2732 2822 2821 δὴ

576 2843 855 2912 ἕθέλου-
904 2852 1022 2927 (vel
1067 2844 1144 2910 ἀν
1190 2840 1457 2928 ἐθέλω.)
1535 2850 1719 2908 Porro
1766 2885 1798 2893 -
1812 2866 2033 2921 νοντες·
2069 2840 2182 2908 καὶ
2228 2842 2433 2924 κολυμ
2472 2874 2543 2896 =
2582 2846 2823 2924 βῶντες

577 2956 925 3040 καρτερεῖν,
984 2963 1110 3016 tum
1166 2957 1450 3036 -βῶντες
1504 2953 1838 3038 καρτερεῖν
1888 2948 1953 3015 ἐν
1998 2948 2205 3035 τούτῳ
2248 2984 2313 3003 ==
2354 2954 2448 3034 τιῖ
2494 2944 2683 3034 ἔργῳ,
2731 2947 2822 3035 μὴ

576 3057 755 3138 ὄντες
808 3055 1011 3126 δεινοί
1063 3064 1083 3141 (
1082 3093 1506 3124 -------
1521 3063 1607 3134 g).
1704 3064 1885 3122 Porro
1941 3057 1981 3146 ἢ
2036 3051 2105 3121 ἔν
2147 3081 2280 3122 τινι
2325 3053 2501 3140 ἄλλῳ
2546 3053 2823 3140 τοιούτῳ

585 3200 657 3221 =
697 3163 1174 3253 ἀνδρειοτέρους
1217 3166 1449 3253 φήσεις
1493 3173 1623 3229 τῶν
1663 3165 1934 3251 ταῦ[τα].
2013 3167 2166 3227 Tum
2198 3187 2325 3227 -τα
2357 3162 2585 3227 δεινῶν
2616 3201 2699 3210 -
2739 3155 2824 3225 Τι’

577 3275 697 3361 γὰρ
753 3273 832 3339 ἄν
885 3298 986 3352 τις
1041 3271 1199 3339 ἄλλο
1253 3267 1381 3359 φαί
1419 3305 1488 3326 =
1529 3295 1598 3361 η,
1667 3267 1721 3337 ὦ
1776 3275 2142 3355 Σωκρατες,·
2200 3309 2280 3318 -
2346 3265 2567 3352 Οὐδέν,
2633 3262 2823 3354 εἴπερ

578 3377 830 3466 οἷ’(οιτο)
877 3385 897 3466 (
896 3423 1506 3447 ----------
1505 3383 1525 3462 )
1540 3432 1554 3461 ,
1602 3390 1664 3444 et
1710 3403 1898 3445 -οιτο
1945 3381 2002 3464 γ’
2050 3378 2252 3455 οὕτως
2299 3417 2382 3426 -
2418 3401 2432 3440 :
2463 3372 2663 3440 Ἀλλὰ
2697 3377 2825 3463 μὴν

578 3482 842 3577 οἷῘμαι];
901 3493 1116 3554 deinde
1165 3529 1197 3537 -
1207 3511 1330 3570 μαι
1377 3509 1448 3572 γε
1495 3527 1580 3534 —
1628 3484 1761 3552 Καὶ
1806 3486 1933 3574 μήν
1986 3508 2121 3550 που
2176 3493 2349 3571 ἇφρο
2398 3518 2466 3537 =
2516 3482 2827 3567 νεστέρως

576 3600 633 3684 γ’
665 3593 718 3661 ὦ
749 3595 984 3690 Λάχῃς
1029 3592 1126 3674 oi,-
1170 3599 1258 3659 sic
1287 3599 1687 3676 disputatores
1717 3616 1827 3658 sua
1862 3596 2118 3675 quisque
2146 3596 2209 3654 in
2241 3597 2370 3656 vice
2399 3601 2503 3655 aut
2532 3596 2825 3655 disserere

575 3715 684 3769 aut
725 3709 1085 3788 respondere
1133 3706 1260 3767 sine
1304 3706 1431 3766 ulla
1473 3723 1858 3765 numerorum
1913 3704 2351 3764 intermissione
2396 3707 2669 3780 pergunt.
2760 3691 2823 3762 οἶ

577 3820 866 3877 τοιοῦτοι
909 3843 975 3863 ==
1016 3807 1518 3893 κινδυνεύουφι).
1594 3812 1746 3871 Tum
1790 3812 2044 3888 figuram
2089 3815 2360 3888 quartam
2390 3810 2573 3869 huius
2604 3809 2825 3869 formae

578 3924 865 3983 habemus
919 3921 1160 3981 abccba:
1216 3919 1271 3999 a)
1331 3910 1704 3979 -δυνεύουσί
1766 3936 1837 3978 τε
1891 3911 2027 3978 καὶ
2083 3920 2590 3998 καρτεροῦσιν
2635 3911 2675 3999 ἢ
2716 3961 2728 3974 .
2764 3961 2776 3976 .
2809 3958 2826 3975 .

588 4059 655 4080 a
694 4028 771 4109 a⁴)
817 4006 1041 4110 ’ἄφρων
1077 4022 1286 4106 τόλμα
1315 4045 1386 4088 τε
1417 4020 1545 4087 καὶ
1579 4018 2043 4110 καρτέρησις
2075 4015 2142 4084 ἐν
2173 4023 2241 4103 (2
2249 4059 2732 4085 ---------
2738 4024 2823 4098 κ).

577 4138 757 4198 Haud
822 4137 1071 4213 indigna
1133 4141 1335 4196 notatu
1402 4140 1543 4194 sunt
1598 4135 1775 4193 verba
1839 4125 1967 4192 καὶ
2034 4135 2546 4212 καρτεροῦσιν
2599 4136 2659 4190 et
2711 4149 2825 4190 και

580 4237 964 4328 καρτέρησις
1008 4243 1285 4303 similiter
1327 4241 1541 4320 posita:
1591 4241 1909 4300 Interiectu
1956 4244 2097 4298 sunt
2140 4239 2401 4315 primum
2446 4235 2505 4314 b)
2552 4226 2615 4297 οἳ
2660 4231 2827 4314 μετὰ

579 4337 802 4436 τέχνης
847 4397 861 4411 .
895 4397 908 4412 .
943 4398 955 4412 .
991 4370 1004 4411 :
1035 4348 1117 4430 b‘)
1165 4341 1396 4429 αἰσχρὰ
1451 4345 1517 4433 ἢ,
1570 4325 1802 4430 ’ἄφρων
1856 4345 1878 4427 (
1877 4383 2175 4406 -----
2174 4343 2195 4424 )
2198 4390 2214 4405 .
2304 4344 2359 4425 c)
2405 4336 2627 4428 τέχνης
2670 4331 2834 4405 αὖτδ
