3117 5034
2450 317 2529 374 21

287 491 702 574 δεικνύμενον
747 495 812 574 (..
827 523 874 555 >2
890 534 937 556 ψ
952 493 1036 574 ψ).
1127 495 1455 556 Sohanzius
1499 495 1687 570 igitur
1730 495 1967 555 videtur
2012 487 2078 554 ἐν
2122 499 2202 578 τῇ
2248 484 2535 579 ἀληθείᾳ
2561 497 2671 554 183
2682 497 2748 554 O.

286 609 449 664 recte
492 602 839 677 inclusisse,
885 621 1038 680 quae
1067 603 1248 662 verba
1291 603 1480 662 codex
1511 601 1840 662 Vaticanus
1878 603 2046 662 1029
2094 601 2309 660 omisit.
2386 601 2531 660 Lec-

285 713 478 772 tiones
523 710 705 770 huius
751 710 972 770 oodiois
1015 709 1246 769 numeri
1293 727 1468 785 saepe
1514 710 1896 786 conprobant.
1975 706 2114 769 Hoc
2157 708 2287 768 loeo
2332 713 2533 768 autem

287 823 383 878 est
434 835 820 876 numerorum
881 834 1233 894 responsum
1287 817 1648 892 ambiguum.
1750 817 2077 875 Possumus
2140 817 2299 876 enim
2354 816 2534 875 verba

285 925 594 984 interieota
649 925 736 984 sic
789 942 1082 1001 apponere
1135 916 1226 1003 (ἐν
1270 929 1350 1006 τῇ
1394 942 1502 1000 pro
1548 927 1637 996 ῶς
1683 917 1770 982 ἀ-
1819 941 2000 1000 supra
2044 922 2285 1000 scripto)
2344 916 2529 1006 ἀλη-

289 1023 480 1114 acic}
521 1027 610 1104 ὡς
647 1057 719 1080 ---
760 1023 1077 1114 ἀληθῶς
1123 1024 1286 1090 ἐπὶ-
1336 1031 1534 1090 verbis
1566 1022 1898 1114 ἀληθει-
1930 1036 1993 1090 et
2023 1023 2339 1114 ἀληθῶς
2368 1030 2531 1089 simi-

287 1139 428 1198 liter
481 1139 708 1216 positis
811 1137 962 1196 Tum
1021 1137 1290 1215 sequitur
1341 1138 1532 1214 figura
1585 1137 1639 1196 D
1692 1138 1875 1196 huius
1928 1139 2151 1196 formae
2204 1137 2530 1197 abboddoa:

287 1245 346 1325 a)
395 1240 763 1329 -βαλσύσης
807 1240 927 1326 γὰρ
973 1251 1086 1328 τῆς
1131 1239 1286 1318 νεὼς
1332 1237 1416 1327 ἐφ
1452 1229 1492 1326 ᾗ
1531 1234 1659 1305 ἐπε
1689 1290 1702 1302 .
1738 1291 1749 1303 .
1784 1291 1797 1303 .
1841 1273 1908 1292 =
1949 1243 2023 1324 ε’)
2072 1238 2333 1304 -πάνου
2362 1241 2533 1326 πρὸς

293 1359 372 1436 τῇ
426 1347 620 1436 λόγχῃ
675 1335 813 1413 οἷον
869 1344 1105 1436 ἀπέβη.
1161 1351 1182 1432 (
1181 1390 1791 1412 ----------
1806 1353 1901 1430 2),
1955 1357 2085 1410 tum
2139 1350 2201 1432 b)
2247 1345 2403 1423 νεὼς
2448 1341 2533 1433 ἐφ

287 1443 330 1544 ᾗ
375 1453 732 1535 ἐπεβάτευε
774 1454 946 1539 πρὸς
990 1453 1066 1520 ὁλ
1105 1487 1175 1508 π·
1215 1457 1293 1536 b⁴)
1340 1452 1513 1518 κάδα
1558 1478 1662 1518 τιν
1708 1451 1959 1537 ἕμάχετ’
2007 1449 2165 1534 &mv
2204 1450 2531 1540 δορυδρέ-.

288 1567 546 1644 denique
591 1566 648 1640 o)
694 1583 909 1628 πανον
954 1560 1265 1648 διαφέρον
1308 1561 1390 1649 δὴ
1435 1561 1645 1627 ὅπλον
1682 1563 1797 1627 ἅτε
1826 1559 2109 1648 καύ[τός]
2150 1594 2221 1616 ==
2260 1564 2331 1642 0⁴)
2378 1559 2531 1625 τάν-

289 1669 466 1756 δρός,
523 1669 601 1734 τὸ
647 1667 720 1734 δὲ
765 1668 1062 1755 σόφισμα
1109 1670 1185 1734 τὸ
1229 1679 1347 1734 τοῦ
1391 1668 1717 1755 δρεπάνου
1758 1675 2532 1753 (2-„00-00>-20225)
2558 1677 2743 1734 1831).

288 1781 602 1841 interiecta
657 1787 799 1840 sunt
861 1778 924 1859 d)
981 1775 1265 1863 [καύ]τος
1318 1785 1449 1840 τῶν
1501 1773 1715 1840 ἄλλων
1768 1774 2099 1863 διαφέρων
2151 1777 2234 1840 τὰ
2286 1773 2406 1858 μὲν
2450 1810 2521 1840 .--

289 1890 310 1966 (
309 1926 920 1949 ----------
918 1889 938 1966 )
986 1886 1069 1964 d¹)
1117 1877 1229 1948 οὗν
1274 1881 1413 1948 ἀλλ’
1462 1907 1582 1949 ουκ
1626 1881 1779 1961 ἄξια
1824 1882 2031 1969 λέγειν
2074 1882 2247 1970 περὶ.
2323 1887 2534 1966 Itaque

289 2000 447 2056 recte
501 1995 701 2055 omisit
745 1995 1052 2055 Parisinus
1099 1993 1156 2054 E
1197 1997 1314 2056 τοῦ
1356 2000 1492 2072 post
1535 1989 1890 2076 δρεπάνου;
1946 2001 2073 2056 tum
2120 1997 2371 2072 figuram
2416 2001 2532 2055 ter·

288 2103 430 2162 tiam
495 2103 584 2162 sio
646 2103 1007 2163 constituere
1072 2120 1392 2180 possumus
1455 2100 1513 2181 a)
1582 2139 1612 2148 -
1628 2122 1737 2163 νου
1799 2098 1970 2182 πρὸς
2032 2109 2113 2187 τῇ
2177 2097 2366 2186 λόγχῃ
2422 2089 2529 2162 οἷ-

290 2209 348 2279 b)
404 2193 544 2270 οἷον
599 2201 834 2293 ἀπέβη.
889 2202 1252 2287 μαχομένου
1307 2205 1432 2290 γὰρ
1477 2203 1677 2270 αὐτοῦ
1718 2239 1782 2258 =
1825 2209 1899 2286 ε’)
1946 2215 2085 2271 ποῦ
2129 2201 2195 2270 ἐν
2239 2209 2378 2283 τοῖς
2421 2217 2535 2292 τῆς

289 2312 471 2390 νεὼς,
539 2314 618 2396 b·)
680 2311 938 2376 σκεύεσι
1002 2311 1113 2376 καὶ
1172 2310 1540 2394 ἀπελείβετ’
1598 2301 1808 2378 εἷλκεν
1862 2308 1973 2378 οὖν
2027 2314 2064 2379 ὁ
2120 2318 2187 2396 (ξι
2203 2357 2498 2378 -----
2521 2312 2529 2400 Ι

287 2453 1024 2484 υυυυυυυυυυυυ
1024 2424 1044 2501 )
1048 2470 1060 2484 .
1171 2423 1486 2484 Interieota
1560 2430 1704 2483 sunt
1777 2410 1961 2508 [οἷ]ον
2025 2418 2262 2508 ἀπέβη.
2326 2443 2531 2502 μαχο-

289 2523 485 2610 μένου
525 2559 591 2580 ==
634 2527 754 2612 γὰρ
791 2559 863 2580 ==
903 2524 1100 2592 αὐτοῦ
1162 2523 1447 2607 ένέσχετό
1510 2549 1647 2592 που
1700 2524 1767 2590 ὲν
1820 2531 1974 2604 τοῖς.
2076 2531 2225 2590 Tum
2282 2533 2532 2608 figuram

289 2639 542 2716 primam
588 2644 702 2721 τῆς
748 2633 904 2710 νεὼς
949 2633 1204 2698 σκεύεσι
1251 2631 1364 2698 καὶ
1397 2631 1766 2716 ἀντελάβετ’
1807 2666 1876 2690 =
1918 2623 2125 2699 εἶλκεν
2154 2628 2265 2699 οὗν
2292 2629 2332 2699 ὃ
2361 2637 2530 2722 Στη-

291 2735 522 2818 σίλεως
563 2739 997 2827 βουλόμε[νος]
1044 2745 1776 2823 (....)--κψυ-Ὰψψ).
1861 2746 2042 2806 Porro
2087 2746 2339 2822 figuram
2384 2745 2531 2812 alte-

291 2871 418 2912 ram
472 2852 652 2912 huius
707 2852 930 2913 formae
973 2852 1299 2912 abbocdda:
1356 2850 1414 2931 a)
1459 2872 1622 2926 -νος
1667 2846 2030 2928 ἀπολῦσαι,
2079 2845 2194 2913 καὶ
2241 2845 2350 2928 οὐχ
2396 2839 2533 2926 οἶός

289 2959 346 3019 τ’
391 2951 468 3044 ἦν
513 3005 525 3018 .
560 3006 572 3018 .
609 3006 621 3018 .
664 2987 732 3008 ==-·
771 2957 846 3038 a‘)
902 2953 1028 3042 -δὴ
1073 2952 1146 3018 δὲ
1192 2951 1621 3044 παρημείβετ’
1670 2957 1709 3043 ἡ
1755 2965 1908 3034 ναῦς
1952 2957 2066 3044 τὴν
2111 2965 2291 3020 ναῦνε
2348 2960 2531 3020 inter-

289 3067 444 3126 iecta
487 3071 629 3126 sunt
671 3066 928 3142 primum
983 3066 1041 3143 b)
1088 3062 1127 3149 ἡ
1173 3059 1246 3126 δὲ
1291 3071 1442 3139 ναῦς
1487 3063 1603 3151 τὴν
1643 3097 1707 3116 ==
1750 3065 1829 3146 δ’)
1876 3073 2029 3128 ναῦν
2073 3057 2317 3151 παρίει
2331 3092 2351 3144 ,-
2402 3073 2533 3127 tum

290 3172 344 3250 o)
390 3165 551 3246 τέως
601 3165 722 3250 μὲν
775 3163 887 3232 οὖν
930 3165 1222 3252 παρέθει
1271 3165 1338 3232 ἐν
1375 3201 1445 3222 ==
1483 3174 1556 3252 ε’)
1604 3181 1683 3258 τῇ
1730 3167 1844 3260 νηῒ
1890 3169 2039 3235 ἀντε
2080 3169 2377 3253 χόμενοςς
2430 3157 2531 3235 de:

289 3281 472 3358 nique
518 3280 580 3354 d)
627 3273 1038 3357 ἀντεχόμενος
1082 3285 1199 3340 τοῦ
1237 3309 1304 3330 -==
1345 3279 1430 3356 (Γ)
1477 3275 1751 3361 δόρατος
1796 3275 2047 3364 ἐπειδὴ.
2122 3283 2331 3360 Itaque
2370 3288 2531 3343 recte

291 3388 465 3462 habet
507 3386 778 3446 Venetus
825 3379 1059 3469 ἐπειδὴ
1105 3380 1194 3446 δὲ.
1286 3387 1498 3464 Figura
1546 3389 1807 3448 secunda
1852 3389 2067 3449 iterum
2114 3389 2530 3449 constituenda

290 3501 384 3554 ost
439 3493 553 3552 sic:
618 3489 734 3576 τὴν
787 3498 938 3553 ναῦν
993 3487 1105 3554 καὶ
1162 3487 1432 3554 ἑπέσπα
1491 3488 1686 3556 αὐτὸν
1738 3543 1754 3556 .
1789 3543 1801 3557 .
1837 3543 1848 3556 .
1894 3516 1907 3556 :
1951 3503 2064 3578 τῆς
2114 3490 2351 3578 χειρός,
2412 3487 2531 3569 ἕως

290 3595 489 3682 ἄκρου
545 3605 688 3674 τοῦ,·
743 3603 764 3679 (
764 3639 1245 3662 --------
1245 3600 1266 3676 )
1320 3601 1631 3662 interiecta
1686 3610 1825 3663 sunt
1880 3641 1912 3649 -
1926 3594 2103 3664 ἔσπα
2170 3597 2363 3664 αὐτὸν
2418 3608 2534 3664 τοῦ

291 3702 564 3787 δόρατος
617 3699 806 3786 ἐχόμε
852 3735 924 3756 =
972 3726 1080 3768 νον
1135 3699 1446 3792 κατηφίει
1511 3705 1587 3770 τὸ
1651 3704 1805 3790 δόρυ
1868 3705 1983 3771 διὰ
2046 3718 2157 3795 τῆς
2215 3710 2237 3791 (
2236 3750 2532 3772 -----

287 3852 586 3876 uuuuu
599 3811 682 3893 κ).
785 3814 936 3874 Inde
991 3833 1304 3875 numeroso
1360 3817 1628 3892 pergitur
1699 3818 1881 3877 oratio
1944 3836 2135 3896 usque
2198 3819 2275 3878 ad.
2338 3819 2529 3878 finem.

290 3921 535 3981 Minime
580 3921 782 3998 inepte
828 3927 1200 3999 comparatus
1245 3927 1338 3982 est
1383 3924 1558 3984 Plato
1604 3942 1744 3983 eum
1789 3925 1980 4002 poetis
2026 3925 2267 4002 tragicis
2310 3945 2347 3986 a
2390 3927 2529 3985 viris

291 4028 506 4104 doetiS,
561 4047 776 4105 nempe
831 4029 1018 4088 multa
1067 4030 1132 4088 in
1186 4030 1298 4110 hoc
1352 4031 1583 4107 dialogo
1640 4033 1911 4092 scaenica
1964 4033 2208 4108 agnosci
2263 4039 2527 4110 possunt.

290 4135 516 4196 Laches
560 4135 666 4194 ille
711 4136 886 4196 miles
926 4136 1146 4213 loquax
1190 4142 1252 4196 et
1295 4138 1589 4213 gloriosus
1636 4139 1917 4198 memoria
1961 4141 2318 4217 proeliorum
2376 4140 2529 4216 prio-

290 4261 422 4303 rum
467 4243 616 4303 adeo
662 4243 1006 4302 stimulatur
1051 4253 1118 4302 ut
1151 4245 1402 4304 infracta
1430 4252 1850 4324 amputataque
1881 4246 2172 4324 loquatur.
2250 4247 2530 4308 Conferas

289 4367 508 4428 quaeso
553 4367 704 4428 quae
749 4349 1190 4426 Engolhardtus
1244 4349 1329 4432 (in
1373 4339 1631 4412 editione
1678 4369 1787 4414 sua
1832 4358 1891 4413 et
1934 4355 2000 4412 in
2043 4369 2206 4430 prog.
2253 4355 2529 4437 gymnasi
