3117 5034
2426 313 2503 374 17

261 486 449 548 Porro
494 485 740 562 -odac,
797 479 870 561 ὃς
913 479 1041 572 ἔφη
1087 481 1205 550 οὐκ
1250 481 1510 572 ἀγαθὴν
1553 475 1758 550 εἶναι
1814 480 1980 553 αἰδῶ
2031 517 2095 540 ===
2147 482 2509 574 κεχρημένῳ
2527 495 2719 552 2018.

265 586 453 673 ἀνδρὶ
500 593 870 674 παρεῖναι.
917 588 1030 656 καὶ
1077 591 1290 677 ἦμεῖςς
1333 601 1465 655 tum
1511 586 1624 655 οὖν
1670 589 1977 669 ἐάσαντες
2017 588 2262 678 χαίρειν
2306 594 2373 658 εἴ
2409 588 2511 670 τίς

262 719 332 760 τι
380 693 512 780 ἐρεῖ
551 730 620 750 ====
659 707 844 784 κοινῇ
900 698 1078 785 ἡμῶν
1131 695 1344 762 αὐτῶν
1397 695 1511 763 καὶ
1566 707 1696 762 τῶν
1748 694 2135 784 μειρακίων,·
2186 709 2251 763 et
2306 695 2510 764 -κίων

263 797 656 884 ἐπιμέλειαν
703 837 772 856 ==
821 804 1306 894 πο(ι)ησώμεθ’.
1375 803 1550 892 [Λα]
1606 800 1790 888 Ἐμοὶ
1842 803 1991 888 μέν;
2050 803 2170 888 μὲν
2222 802 2506 890 ἀρέσκεῖ,

263 905 322 974 ὦ
367 908 708 994 Σώκρατες
760 907 805 975 ἃ
849 908 1056 996 λέγεις
1099 909 1212 976 καὶ
1248 935 1262 976 :
1296 907 1521 976 ἐθέλῶ.
1565 913 1574 997 Ι
1615 911 1881 997 ὅσῳπερ
1926 908 2301 998 γεραίτατός
2354 907 2508 995 εἶμι.

261 1019 382 1080 Hic
429 1022 660 1096 syllaba
703 1022 914 1082 ultima
959 1023 1224 1083 vocabuli
1273 1015 1486 1084 ἐθέλω
1529 1029 1670 1083 ante
1700 1024 1965 1084 vocalem
2010 1024 2074 1083 in
2116 1023 2279 1084 vocis
2324 1042 2510 1101 pausa

262 1128 514 1204 produci
568 1134 779 1205 potest.
879 1129 1150 1190 Blassius
1202 1135 1405 1191 autem
1457 1130 1523 1188 in
1578 1131 1729 1190 libro
1794 1131 1897 1208 qui
1960 1131 2180 1190 Album
2236 1130 2509 1192 Gratula-

261 1234 484 1294 torium
530 1235 774 1296 Henrici
819 1255 934 1296 van
981 1236 1346 1298 Her-werden
1390 1237 1763 1312 inscribitur,
1810 1238 2116 1314 proposuit
2170 1229 2385 1297 ἐθέλω
2432 1238 2505 1318 y’,

262 1341 426 1419 quod
491 1341 888 1419 disputatores
952 1344 1204 1404 “immo
1259 1343 1466 1404 volo'’
1531 1344 1891 1420 respondere
1954 1344 2226 1404 solerent.
2327 1344 2509 1404 Porro

264 1439 544 1528 ὅσῳ’περ
588 1439 965 1529 γεραίτατος
1009 1437 1067 1512 εἶ
1107 1478 1178 1500 =
1215 1471 1294 1528 μι
1341 1445 1630 1531 τοσούτῳ
1675 1444 2159 1532 προθυμότατα
2205 1447 2318 1532 ([υ]
2338 1489 2385 1512 ψ
2401 1503 2447 1512 ..
2464 1503 2509 1512 ..

262 1593 310 1614 ψ
326 1607 373 1614 -
389 1593 436 1616 ψ
453 1554 598 1629 cg).
689 1558 1063 1638 Anapaestus
1117 1556 1277 1617 enim
1330 1556 1394 1616 in
1439 1557 1678 1618 numeri
1727 1557 1897 1618 initio
1950 1576 2057 1635 pro
2102 1559 2363 1635 spondeo
2406 1564 2509 1618 aut

263 1662 460 1722 iambo
507 1663 650 1722 ferri
693 1669 905 1740 potest.
983 1663 1088 1726 Sin
1132 1670 1333 1724 autem
1377 1683 1565 1741 neges
1609 1666 1857 1724 formam
1902 1665 2178 1725 traditam
2224 1666 2337 1726 hoc
2380 1665 2508 1726 loco

266 1770 510 1846 quidem
557 1770 774 1830 mutari
819 1770 1060 1847 debere,
1107 1789 1388 1832 numeros
1426 1773 1636 1832 adesse
1664 1777 1866 1832 tamen
1895 1772 2059 1832 nullo
2090 1773 2263 1833 modo
2294 1790 2509 1848 negare

265 1876 478 1952 poesie.
568 1875 797 1953 Nempe
843 1878 973 1939 sine
1020 1877 1144 1937 ulla
1187 1879 1512 1938 mutatione
1556 1879 1704 1938 haec
1746 1879 1929 1938 verba
1972 1879 2060 1938 sic
2102 1879 2176 1938 ad
2231 1897 2508 1939 numeros
2535 1882 2721 1940 2010.

267 1983 537 2058 redigere
579 2000 928 2060 possumus:
978 1977 1212 2064 λέγεις·
1259 1979 1374 2046 καὶ
1421 1977 1665 2060 ἐθέλω,
1721 1979 1986 2066 ὅσῳπερ
2025 2013 2095 2034 ---
2135 1976 2511 2066 γεραίτατός

267 2079 402 2166 εἶμι
458 2083 746 2170 τοσούτῳ
801 2091 868 2169 (ψ
884 2141 931 2150 -
947 2128 994 2150 υ
1009 2120 1119 2150 02
1135 2129 1183 2152 ψ
1200 2129 1246 2152 ψ
1261 2143 1308 2152 ..
1324 2092 1418 2169 ..);
1475 2097 1605 2151 tum
1653 2084 1896 2164 ἐθέλω,
1942 2085 2206 2172 ὅσῳπερ
2250 2082 2507 2173 γεραίτο

384 2190 496 2268 τός
557 2187 695 2274 εἶμι
760 2192 1048 2278 τοσούτῳ
1112 2193 1472 2279 προθυμό-
1540 2197 1673 2277 (02
1688 2235 2109 2260 υυυυυυυ
2109 2197 2129 2276 )
2183 2204 2245 2258 et
2299 2218 2509 2259 -τατα

265 2297 628 2380 μανθάνειν
668 2333 737 2352 ==
775 2301 943 2382 μετὰ
987 2308 1116 2364 τῶν
1161 2323 1387 2380 νεαν-,·
1429 2323 1601 2382 porro
1649 2296 1949 2366 -νίσκων.
1998 2298 2163 2366 ἀλλά
2190 2324 2308 2383 μοι
2340 2301 2507 2367 οὕτω

276 2439 342 2458 =
383 2401 454 2469 σί
499 2417 782 2494 ποιῆσον
827 2403 1056 2472 ἕωθεν.
1159 2411 1456 2492 BlassiuS,
1515 2411 1619 2490 qui
1672 2413 1735 2471 in
1790 2412 1941 2473 libro
1996 2413 2173 2472 allato
2216 2413 2379 2473 hunc
2422 2413 2507 2472 lo-

265 2535 398 2576 cum
448 2517 523 2576 ad
568 2535 846 2578 numeros
901 2518 1154 2596 redegit,
1209 2519 1484 2579 admonet
1539 2511 1685 2599 αἰῖρι
1693 2538 1763 2580 ον
1818 2537 2321 2596 supervacaneum
2376 2537 2510 2580 esse

265 2641 404 2684 cum
471 2616 682 2684 ἕωθεν
753 2643 861 2701 per
933 2643 999 2684 se
1063 2625 1186 2684 vim
1259 2626 1507 2686 eandem
1584 2632 1762 2703 atque
1828 2626 2079 2686 “cras’'
2144 2626 2243 2686 vel
2307 2627 2507 2686 “cras

267 2749 468 2790 mane
481 2731 515 2758 ”
562 2732 779 2790 habere
824 2733 1036 2806 soleat,
1092 2737 1154 2792 et
1199 2733 1470 2794 Socrates
1525 2733 1727 2810 paullo
1774 2733 1971 2792 minus
2017 2733 2373 2810 respondere
2420 2733 2508 2792 vi-

266 2837 476 2897 deatur
540 2855 718 2915 quam
781 2844 1023 2913 rogatus
1088 2840 1193 2913 sit,
1259 2841 1417 2917 quod
1481 2845 1687 2899 contra
1749 2841 1997 2900 deceret.
2115 2840 2172 2900 Ν
2174 2858 2249 2899 on
2313 2840 2505 2900 solum

266 2963 767 3022 supervacaneum
811 2950 906 3004 est
951 2939 1190 3027 αὔριον,
1241 2947 1348 3006 sed
1391 2965 1671 3007 numeros
1716 2948 1942 3022 turbat,
1989 2966 2105 3026 quo
2152 2946 2367 3008 omisso
2412 2965 2505 3008 se-

265 3053 507 3129 quentia
557 3059 719 3112 recte
774 3069 839 3112 se
892 3053 1113 3112 habent
1165 3054 1384 3114 omnia:
1442 3045 1654 3114 ἕωθεν
1698 3045 1943 3136 ἀφίκου
1988 3045 2215 3116 οἴκάδε
2260 3049 2373 3115 καὶ
2416 3051 2508 3138 μὴ

265 3152 476 3231 ἄλλως
530 3156 860 3244 πο(ι)ήσῃς
920 3155 1028 3220 ἵνα
1089 3161 1210 3237 βου
1251 3205 1264 3220 .
1307 3207 1321 3220 .
1364 3206 1378 3220 .
1422 3152 1820 3222 ε’σονουσιαν
1872 3157 2273 3240 διαλύσομεν.
2332 3158 2505 3244 [Σω.]

264 3255 462 3326 M
491 3262 777 3348 ποιήσώ,
821 3257 876 3325 ὦ
906 3259 1250 3344 Λυσίμαχε
1281 3267 1536 3345 (ει-,ψει
1551 3305 2408 3330 ψψψψψψψψψψψψψψ
2422 3267 2505 3345 ει).

268 3372 519 3434 Codices
575 3373 781 3450 optimi
835 3373 1123 3434 exhibent
1167 3368 1572 3451 διαλύσομεν,
1630 3391 1823 3452 neque
1867 3375 2039 3435 video
2092 3393 2200 3434 cur
2252 3377 2506 3436 editores

264 3479 577 3539 lectionem
631 3481 903 3540 codicum
957 3480 1316 3541 deteriorum
1369 3481 1508 3541 tuiti
1564 3481 1699 3540 sint.
1789 3482 2105 3542 Interiectu
2159 3488 2300 3543 sunt
2346 3499 2508 3566 -σῃς

265 3581 372 3646 ἵνα
424 3581 836 3664 βουλευσώμε
882 3615 953 3636 =
1003 3586 1102 3646 θα
1167 3581 1322 3669 περὶ
1389 3581 1600 3647 αὐτῶν
1652 3583 1906 3658 ,τούτων
1967 3594 2029 3648 et
2084 3582 2242 3670 περὶ
2296 3582 2506 3650 αὐτῶν

265 3687 508 3754 τούτων
673 3689 750 3754 τὸ
813 3687 888 3754 δὲ
949 3699 1059 3754 νῦν
1114 3681 1281 3755 εἶναι
1346 3691 1475 3778 τὴν.
1579 3695 1849 3772 Denique
1904 3685 2249 3773 Λυσίμαχε
2302 3701 2506 3757 ταῦτα

257 3794 376 3866 ,καὶ
417 3831 484 3850 =
527 3794 657 3884 ἥξω
711 3797 900 3882 παρὰ
954 3801 1012 3861 σ’
1045 3793 1268 3883 αὔριον
1319 3807 1382 3862 et
1436 3799 1496 3861 σ’
1529 3795 1757 3883 αὔριον
1811 3795 1922 3862 ἐὰν
1962 3831 2028 3852 =-
2071 3798 2230 3876 θεὸς
2285 3796 2503 3889 ἐθέλῃ.

269 3907 365 3968 Sic
417 3908 614 3968 omnia
666 3909 742 3968 ad
797 3925 1075 3968 numeros
1126 3909 1397 3986 redigere
1450 3909 1781 3988 potuimuS,
1844 3909 1961 3969 etsi
2023 3928 2142 3969 non
2197 3910 2326 3970 sine
2381 3911 2507 3970 ulla

269 4015 615 4091 mutatione,
680 4015 784 4074 sed
840 4021 1040 4076 tamen
1094 4021 1164 4075 ut
1215 4017 1293 4076 ad
1346 4015 1745 4076 coniecturam
1808 4017 2268 4092 confugiendum
2330 4023 2507 4096 esset,

268 4121 565 4182 rarissime
629 4123 824 4184 flebat.
934 4122 1326 4184 Numerorum
1392 4123 1694 4185 enimvero
1757 4129 1851 4184 est
1910 4124 2026 4182 hoc
2087 4142 2273 4182 unum
2336 4141 2504 4201 opus,

270 4229 658 4305 corruptelam
724 4230 1293 4307 correctionemque,
1358 4231 1628 4290 morbum
1694 4235 1756 4290 et
1820 4231 2109 4290 medelam
2163 4236 2504 4305 monstrare,

269 4354 382 4412 quo
425 4336 624 4396 officio
669 4337 845 4396 etiam
887 4337 998 4396 hoc
1027 4337 1156 4396 loco
1177 4337 1369 4396 functi
1401 4343 1558 4398 sunt.
1634 4338 1758 4396 Iam
1793 4338 1938 4398 satis
1968 4338 2145 4414 plane
2176 4337 2506 4398 ostendisse

2152 4456 2186 4512 2
