3117 5034
644 260 727 326 14

418 441 612 506 2⁰⁰².
633 439 762 502 Alc.
791 439 841 500 I.
879 439 1023 502 124.
1057 438 1128 500 D.
1159 439 1470 518 leguntur,
1507 439 1613 500 ubi
1641 438 1871 500 numeri
1902 443 2065 500 recte
2096 457 2165 500 se
2193 440 2436 500 habent:
2484 432 2883 522 [div-flpanoc

636 539 802 626 ἀτὰρ
834 540 924 608 νώ
953 563 1023 626 γε
1067 539 1182 606 καὶ
1226 538 1436 623 μάλζα
1483 540 1751 628 σφόδρ’
1798 541 1901 606 ὅτι
1946 538 2067 624 μὲν
2104 574 2175 598 -—-
2216 538 2339 626 ἐγὼ
2388 538 2461 606 οὐ
2497 541 2707 629 ψεύδῃ
2737 538 2892 607 οὐδὲ

420 657 530 713 2⁰0
546 655 611 712 0.
635 649 764 736 μὴν
793 646 896 714 ὅτι
929 649 984 734 γ’
1018 646 1142 734 ἐγώ
1190 654 1211 734 (
1207 690 1883 714 υυυυυυυυυυυ
1898 650 1981 732 κ).
2060 652 2223 727 Quae
2256 659 2588 731 sequuntur
2616 655 2893 730 proxime

635 761 804 822 abest
865 764 934 823 ut
994 760 1060 820 in
1121 760 1374 836 figuram
1437 759 1672 822 tertiam
1737 758 1927 836 redigi
1982 760 2258 838 possitet,
2322 761 2385 818 in
2450 779 2569 837 qua
2622 760 2893 835 syllabae

638 886 741 928 -w
783 859 860 928 σὲ
900 857 1021 940 μέν
1065 858 1236 943 κάμὲ
1280 865 1679 943 repentendae
1727 867 1873 942 sint,
1932 867 2047 926 sic:
2101 857 2410 951 Μελησίᾳ
2456 861 2883 944 συμβουλεύω,

638 965 713 1035 σὲ
754 965 874 1050 μὲν
920 965 1090 1050 κάμὲ
1144 973 1294 1050 (-ω,,
1354 989 1428 1034 σε
1471 964 1591 1050 μὲν
1636 965 1829 1050 κάμὲ)
1886 965 2047 1054 περὶ
2092 979 2205 1056 τῆς
2251 963 2487 1033 παιόεί
2526 1000 2599 1024 =
2637 992 2719 1046 ας
2760 976 2897 1050 τῶν

639 1071 992 1140 νεανίσκων
1048 1069 1296 1159 χαίρειν
1350 1071 1463 1138 ἐᾶν
1515 1074 1831 1164 Σωκράτη
1885 1073 1960 1140 δέ
2013 1070 2299 1152 τουτονί,
2362 1073 2529 1160 ὅπερ
2584 1071 2657 1152 ἐξ
2700 1073 2891 1161 ἀρχῆς

639 1186 706 1267 (κ
721 1224 1390 1252 ,,,,,,,,,,,
1409 1184 1664 1265 [..υ..κ
1679 1224 2064 1248 ψψψψψψ
2065 1185 2103 1265 ).
2162 1186 2381 1262 Figlua
2410 1186 2602 1264 prima
2624 1186 2898 1263 sequitur

641 1293 753 1355 sic:
801 1285 1038 1374 ἔλεγον,
1083 1289 1176 1376 μὴ
1222 1285 1514 1374 ἀφιέναι·
1566 1283 1625 1354 εἰ
1664 1320 1735 1344 =
1775 1285 1847 1353 δὲ
1892 1286 2005 1354 καὶ
2053 1285 2198 1370 ἐμοὶ
2246 1285 2313 1352 ἐν
2369 1283 2589 1376 ἡλικίᾳ
2636 1291 2890 1372 (euge

639 1399 985 1476 efflue-Q,
1044 1406 1170 1462 tum
1219 1391 1380 1484 ἦσαν
1417 1389 1486 1460 ,οἱ
1535 1394 1779 1472 παῖδες
1820 1395 1905 1460 τὰ
1960 1392 2099 1459 αὖτ’
2148 1395 2227 1458 ἂν
2268 1428 2332 1450 --=
2376 1395 2555 1458 ταῦτ’
2603 1389 2892 1460 ἐποίουν,

643 1505 798 1586 [Νι.]
862 1507 1084 1568 Ταῦτα
1137 1498 1257 1584 μὲν
1310 1499 1423 1566 καὶ
1480 1510 1500 1585 (
1499 1544 2002 1580 ---------
2004 1507 2049 1581 ),
2105 1507 2209 1566 ubi
2265 1506 2395 1565 sine
2450 1506 2627 1565 dubio
2680 1523 2889 1565 nume-

642 1633 842 1676 rorum
886 1632 1065 1674 causa
1108 1609 1192 1676 τὰ
1237 1605 1377 1673 αὔτ’
1425 1631 1532 1690 pro
1578 1605 1739 1672 ταίἱτ
1784 1613 2039 1673 scribere
2084 1613 2312 1687 licebit,
2362 1612 2709 1689 praesertim
2757 1629 2895 1671 cum

645 1721 913 1782 Blassius
957 1721 1076 1780 iam
1122 1719 1615 1782 demonstraverit
1659 1737 1863 1780 omnes
1911 1720 2021 1780 hos
2065 1719 2415 1779 artificiosae
2462 1719 2745 1779 orationis
2790 1737 2894 1796 pe-

644 1827 862 1890 destris
926 1827 1241 1903 scriptores
1305 1827 1463 1886 haud
1526 1826 1702 1886 valde
1765 1831 2117 1903 appetentes
2182 1843 2315 1886 esse
2370 1820 2681 1905 κράσεων,
2747 1844 2904 1903 quas

645 1933 1014 2010 grammatici
1072 1933 1292 1994 dicunt.
1386 1933 1568 1993 Porro
1624 1925 1747 2014 ἐγὼ
1796 1927 2087 2014 ξυγχωρεῖ)
2135 1926 2376 2014 ἐάνπερ
2424 1925 2623 2016 ἐθέλῃ
2668 1931 2778 1990 Em.
2823 1962 2887 1980 =

645 2035 890 2124 κράτης
933 2044 1062 2099 τῶν
1103 2031 1462 2121 μειρακίων
1493 2033 1998 2118 ἐπιμελεῖσθαι,
2046 2045 2175 2098 tum
2205 2033 2425 2123 μηδέν’
2459 2033 2655 2099 ἄλλον
2686 2032 2907 2123 ζητεῖν

648 2141 798 2208 ἐπεὶ
843 2176 906 2196 =
950 2141 1072 2208 κᾶν
1118 2140 1242 2228 ἐγὼ
1289 2142 1402 2207 τὸν
1446 2142 1833 2230 Νικήρατον,
1886 2153 1947 2206 et
1992 2140 2203 2227 ζητεῖν
2248 2137 2399 2206 ἐπεὶ
2446 2141 2568 2206 κᾶν
2614 2138 2739 2226 ἐγὼ
2786 2141 2907 2206 τὸν

656 2282 728 2306 ==
765 2249 1136 2336 Νικήρατον
1189 2248 1398 2333 τούτῳ
1452 2248 1680 2336 ἥδιστ’.
1782 2253 1947 2312 Talia
2000 2253 2305 2314 enuntiata
2369 2252 2515 2311 mihi
2569 2252 2901 2312 revolventi

648 2366 769 2422 tam
815 2359 1132 2420 artificiose
1176 2361 1536 2420 conformata
1582 2365 1643 2420 et
1686 2360 1843 2420 inter
1890 2377 1955 2419 se
2000 2359 2305 2419 artissime·
2341 2364 2623 2419 contexta
2660 2377 2909 2436 semper

649 2469 714 2526 in
769 2473 1030 2526 mentem
1085 2468 1249 2526 venit
1301 2466 1406 2526 illa
1458 2466 1793 2542 columna1)
1849 2465 2071 2526 eximia
2122 2466 2408 2542 Ephesia,
2472 2484 2625 2542 quae
2682 2466 2810 2526 sive
2864 2485 2901 2524 a

651 2574 842 2651 Scopa
889 2573 1014 2633 sive
1058 2575 1132 2633 ab
1175 2573 1291 2633 alio
1337 2573 1585 2648 caelata,
1632 2593 1668 2634 a
1713 2591 2063 2650 quacunque
2110 2578 2277 2648 parte
2318 2572 2446 2630 visa-
2491 2571 2905 2648 spectantibus

651 2699 886 2758 semper
939 2681 1180 2742 exhibet
1233 2685 1356 2740 tres
1408 2681 1563 2740 inter
1618 2699 1683 2740 se
1740 2681 2119 2741 cohaerentes
2173 2681 2421 2755 figuras,
2475 2678 2649 2738 modo
2694 2678 2904 2737 Pluto-

651 2806 789 2851 nem
835 2788 1274 2864 Proserpinam,
1331 2787 1687 2848 Mercurium
1704 2832 1719 2862 ,
1774 2787 1917 2847 deos
1963 2787 2213 2863 inferos3
2264 2787 2434 2846 modo
2479 2786 2899 2862 Proserpinam

653 2895 1060 2972 Alcestimque
1104 2894 1352 2954 alteram
1396 2895 1565 2954 alteri
1605 2894 1737 2954 vale
1782 2894 2073 2954 dicturam
2088 2939 2101 2965 ,
2149 2894 2305 2952 inter
2349 2911 2497 2970 quas
2545 2897 2666 2951 stat
2708 2892 2911 2951 viator·

655 3001 1010 3076 Mercurius3
1060 3001 1229 3060 modo
1274 3001 1631 3060 Mercurium
1676 3001 1961 3060 viatorem
2008 3005 2069 3059 et
2105 3001 2419 3074 Alcestim,
2468 3017 2647 3077 quam
2692 2999 2911 3058 reduc-

655 3115 828 3168 turus
873 3113 968 3167 est
1012 3125 1258 3184 superas
1290 3089 1377 3166 'ad
1423 3125 1624 3183 aurae,
1671 3113 1739 3166 ut
1783 3107 1867 3166 ita
1912 3107 2129 3181 dicam,
2178 3111 2238 3166 et
2271 3107 2543 3180 Mortem,
2590 3105 2764 3164 modo
2794 3106 2901 3164 Al-

657 3214 866 3275 cestim
897 3214 1236 3274 certaminis
1263 3215 1622 3290 praemium,
1668 3213 1987 3274 Herculem
2018 3215 2331 3287 victorem,
2372 3213 2627 3272 Mortem
2657 3212 2911 3271 victu-m-

655 3322 834 3382 Haud.
877 3323 1076 3382 minus
1123 3321 1426 3398 eleganter
1471 3339 1649 3399 quam
1694 3321 1797 3379 ille
1840 3322 2150 3382 marmoris
2195 3321 2359 3380 faber
2388 3320 2556 3394 fecit,
2604 3324 2667 3377 et
2697 3319 2905 3396 procul

656 3429 838 3488 dubio
891 3447 1010 3490 non
1065 3428 1194 3488 sine
1249 3429 1436 3488 multa
1491 3427 1675 3487 litura
1720 3429 1891 3488 Plato
1946 3427 2251 3488 enuntiata
2296 3445 2405 3488 sua
2460 3426 2547 3486 sic
2592 3425 2915 3501 castigavit.

657 3536 735 3596 ad
777 3553 1042 3611 unguem
1089 3539 1150 3594 et
1193 3535 1414 3613 figuras
1460 3535 1861 3613 responsionis
1906 3536 1982 3594 ad
2018 3535 2304 3594 amussim
2334 3534 2692 3610 adaequatas
2724 3550 2911 3610 copu-

618 3683 635 3702 .
659 3642 822 3702 lavit.
870 3675 954 3688 --
1001 3641 1153 3702 Inde
1209 3645 1467 3718 pergunt
1521 3643 1757 3702 numeri
1813 3642 1902 3702 sic
1948 3636 2207 3725 [ἥ]διστ’
2256 3633 2695 3721 ἐπιτρέποιμι
2734 3666 2806 3688 =
2848 3631 2905 3700 εἰ

661 3741 884 3808 ἐθέλοι
943 3736 1130 3820 οὗτος
1172 3750 1239 3828 (κ
1254 3785 1552 3808 eeeee
1586 3769 1599 3825 ;
1658 3753 1784 3808 tum
1842 3741 2008 3807 ἀλλὰ
2054 3743 2173 3830 γὰρ
2220 3740 2451 3820 ἄλλους
2503 3765 2619 3824 μοι
2666 3736 2789 3806 ἑκά
2824 3774 2897 3796 ===

662 3871 855 3917 στοτε
911 3871 1300 3939 συνιστησιν,
1357 3849 1516 3914 ὅταν
1571 3855 1637 3934 (sa
1652 3893 2073 3916 ψψψψψψψ
2073 3855 2092 3930 )
2147 3855 2250 3914 ubi
2304 3872 2683 3914 numerorum
2728 3870 2909 3914 causa

605 3965 608 3970 ’
663 3980 704 4022 σ
747 3980 854 4040 pro
900 3954 940 4034 ξ
981 3961 1208 4038 scripsi.
1285 3961 1659 4038 Responsum
1704 3962 1909 4022 Niciae
1952 3962 2017 4021 in
2062 3963 2255 4038 figura
2297 3961 2483 4021 altera
2528 3961 2615 4020 sic
2660 3960 2914 4020 desinit:

663 4088 728 4130 τι
777 4061 955 4149 αὐτῷ
1007 4062 1165 4150 περὶ
1219 4063 1448 4130 τούτου
1502 4068 1782 4153 μνησθῶ
1837 4062 2075 4148 αὐ[τὸς]
2125 4115 2137 4128 .
2173 4115 2184 4127 .
2219 4115 2231 4129 .
2268 4088 2281 4128 :
2316 4061 2395 4127 ἄν
2437 4062 2684 4146 μᾶλλον
2728 4063 2915 4128 ὑπα-

847 4297 899 4366 1)
938 4296 1218 4350 Thanatos
1277 4295 1362 4350 39.
1383 4296 1541 4364 Prog.
1564 4295 1963 4350 Winklemann.
2020 4296 2150 4350 Fest
2168 4295 2324 4364 1879,
2362 4293 2656 4349 v.Robe1t.
