3117 5034
991 916 1225 1018 Vita
1297 917 1742 1022 auctoris,

433 1295 624 1355 Natus
669 1313 803 1354 sum
847 1295 1158 1357 Eduardus
1205 1293 1570 1370 Kimbrough
1613 1293 1869 1367 Turner,
1924 1293 2383 1368 Pushmatahae,
2429 1293 2493 1352 in

250 1402 385 1462 vico
429 1402 765 1480 provinciae
810 1401 1131 1462 Alabamae
1175 1401 1559 1461 Americanae
1604 1401 1703 1460 die
1747 1399 1899 1460 XIV
1931 1418 2115 1460 mens.
2152 1400 2289 1460 Dec.
2340 1417 2493 1460 anno

137 1571 155 1588 0
251 1506 753 1586 MDCOOLXXI,
816 1516 984 1586 patre
1045 1508 1346 1582 EduardO,
1412 1509 1515 1587 qui
1576 1513 1709 1567 tum
1770 1507 2057 1568 ecclesiae
2118 1507 2495 1584 evangelicae

251 1621 547 1694 praeerat,
595 1620 781 1676 matre
820 1616 1046 1676 Rannie
1092 1633 1126 1675 e
1171 1619 1348 1692 gente
1381 1614 1610 1689 Gilder,
1656 1633 1905 1693 quorum
1951 1620 2271 1692 utrumque
2315 1614 2492 1675 hodie

252 1724 453 1784 vivere
481 1723 658 1784 valde
701 1723 945 1800 gaudeo.
1023 1722 1239 1783 Primis
1283 1723 1616 1783 litterarum
1662 1721 1977 1782 elementis
2020 1721 2286 1782 imbutus
2322 1739 2493 1798 gym-

252 1830 487 1892 nasium
541 1829 706 1890 urbis
759 1831 856 1890 cui
909 1848 1127 1890 nomen
1182 1834 1275 1890 est
1319 1829 1686 1891 Greensboro
1740 1848 1846 1906 per
1890 1846 2102 1889 novem
2146 1846 2333 1888 annos
2378 1829 2493 1888 fre-

253 1937 633 2014 quentabam,
680 1936 895 1997 deinde
936 1937 1281 1998 testimonio
1327 1936 1684 1997 maturitatis
1726 1935 2054 1996 instructus
2083 1936 2147 1995 in
2178 1953 2494 1995 numerum

253 2045 471 2104 civium
525 2043 942 2105 Universitatis
995 2045 1291 2105 Australis
1344 2043 1811 2104 academicorum
1855 2049 2129 2121 receptus
2175 2061 2335 2120 sum,
2390 2043 2495 2102 ubi

258 2157 391 2231 post
435 2153 553 2212 duo
598 2153 907 2212 semestris
950 2152 1194 2212 titulum
1233 2151 1503 2226 Magistri
1539 2151 1774 2210 Artium
1818 2151 2069 2229 adeptus
2114 2169 2265 2211 sum.
2343 2149 2492 2209 Tum

254 2277 440 2319 unum
503 2277 726 2320 annum
787 2258 853 2318 in
918 2259 1047 2318 vico
1110 2259 1323 2318 ludum
1383 2259 1734 2319 exercebam
1747 2303 1762 2334 ,
1837 2259 1941 2319 sed
2005 2263 2287 2318 autumno
2354 2257 2495 2317 anni

254 2364 729 2427 MDOGOXOHI
781 2367 1154 2428 Nashvillam
1216 2367 1292 2426 ad
1346 2366 1809 2427 Universitatem
1866 2365 2336 2426 Vanderbiltiam
2398 2382 2495 2424 me

255 2473 480 2534 contuli
523 2473 626 2534 ubi
670 2491 780 2551 per
823 2479 1101 2551 quattuor
1139 2473 1447 2534 semestria
1477 2473 1697 2533 scholis
1727 2473 1991 2533 virorum
2019 2472 2497 2534 doctissimorum
2612 2545 2617 2551 .

255 2581 636 2656 Kirkland,
683 2580 1057 2657 Hohlfe1d‚
1106 2579 1361 2656 Smith,
1410 2579 1703 2640 'solman
1746 2580 2052 2640 inteream.
2129 2580 2345 2640 Postea
2388 2597 2497 2657 per

256 2689 521 2766 quinque
582 2706 770 2748 annos
831 2688 963 2766 ipse
1023 2688 1251 2748 litteras
1315 2685 1572 2748 Graecas
1635 2693 1697 2747 et
1756 2687 2002 2748 Latinas
2064 2685 2128 2745 in
2183 2685 2495 2763 gymnasio

257 2793 720 2856 Greensborensi
781 2795 1076 2855 docebam.
1181 2797 1482 2854 Autumno
1545 2795 1687 2855 anni
1751 2793 1927 2854 MGM
1988 2794 2051 2853 in
2115 2793 2495 2855 Germaniam

255 2902 487 2977 transii,
543 2902 644 2962 ubi
700 2902 962 2962 Berolini
1016 2921 1124 2980 per
1178 2902 1297 2961 duo
1353 2902 1663 2961 semestris
1717 2901 1936 2968 scholis
1979 2901 2297 2961 intereram
2342 2901 2496 2961 viro-

255 3027 391 3068 rum
461 3008 935 3069 doctissimorum
1007 3009 1234 3089 Diels,
1306 3027 1362 3068 v.
1413 3007 2497 3084 Wilamowitz·-Moellendorff,

258 3115 554 3193 Vahlen,
619 3116 916 3192 Heinze,
980 3116 1394 3191 Rothstein,
1467 3115 1699 3191 Helm,
1765 3115 2082 3176 Thomas
2193 3118 2497 3176 Autumno

256 3222 400 3283 anni
442 3220 651 3282 MGMI
702 3223 885 3283 Halas
928 3241 1026 3282 me
1073 3223 1324 3298 contuli,
1378 3224 1480 3283 ubi
1535 3240 1645 3301 per
1698 3224 1816 3283 duo
1862 3223 2169 3283 semestris
2214 3241 2495 3301 praecep-

255 3330 482 3389 toribus
535 3346 684 3389 usus
738 3347 873 3390 sum
927 3330 1072 3390 viris
1135 3329 1492 3391 doctissimis
1556 3330 1792 3406 Blass,
1856 3329 2145 3404 Robert,
2211 3328 2497 3390 Ditten-

255 3438 540 3513 berger,
586 3437 908 3515 UphueS,
956 3435 1312 3513 Schwarz,
1358 3443 1539 3516 atque
1570 3441 1641 3496 ut
1670 3436 2188 3497 exercitationibus
2220 3437 2497 3497 seminari

257 3550 319 3604 et
362 3543 707 3621 philologici
752 3549 813 3604 et
858 3544 1283 3620 archaeologici
1330 3545 1685 3605 interessem
1729 3544 1876 3604 mihi
1922 3544 2176 3620 benigne
2219 3548 2313 3604 est
2364 3562 2497 3621 per-

258 3651 526 3710 missum.
602 3650 715 3711 His
759 3650 1032 3711 omnibus
1076 3650 1220 3711 viris
1267 3649 1690 3710 illustrissimis
1735 3650 1956 3728 optime
2000 3652 2076 3710 de
2118 3668 2214 3710 me
2252 3650 2497 3726 mer-itia,

257 3757 516 3817 maxime
560 3762 762 3820 autem
805 3757 1063 3833 Blaesio,
1109 3757 1329 3834 gratias
1375 3756 1607 3817 debitas
1652 3775 1763 3834 ago
1807 3763 1871 3818 et
1916 3775 2149 3835 semper
2190 3775 2380 3834 agam.
