3117 5034
287 523 546 590 Νικίαν
575 523 759 590 τόνδε
788 524 1324 612 παρακαλῶ[μεν]
1357 528 1424 610 (-
1441 568 1488 590 ψ
1504 583 1549 589 -
1567 582 1612 590 ..
1628 558 1737 590 vg
1753 567 1863 589 ψψ
1879 527 1971 606 ..);
2002 528 2328 589 interiectis
2350 529 2546 589 verbis

291 672 384 681 —
444 631 680 698 Βούλει
739 627 850 698 οὖν
905 630 1019 697 καὶ
1081 637 1318 696 initium
1379 637 1617 696 numeri
1670 637 1960 714 repetitur
2013 627 2258 696 Νικίαν
2311 630 2544 718 τόν[δε]

293 745 407 804 sed
437 763 473 804 a
502 745 705 805 verbis
738 739 971 804 Βούλει
1005 733 1116 804 οὖν
1145 744 1360 821 incipit
1387 743 1605 803 iterum
1636 744 1826 820 figura
1857 743 2133 803 secunda.
2197 743 2255 802 N
2256 761 2289 802 e
2320 744 2544 805 eisdem

288 852 498 911 verbis
545 851 783 929 saepius
828 857 1091 928 utamur,
1138 852 1371 910 hands
1343 852 1466 910 scio
1512 869 1589 910 an
1636 851 1853 911 melius
1898 851 1979 911 sit
2025 851 2111 910 sic
2141 851 2393 928 figuram
2423 852 2542 929 pri·

293 977 458 1018 mam
513 959 872 1018 constituere
927 979 960 1017 ν
1015 958 1363 1035 paragogico
1427 964 1565 1017 ante
1627 949 1745 1035 μὲν
1801 950 2403 1042 8011Ρ10;[ἀν]ιέναι
2460 993 2543 1003 --

294 1059 643 1125 Παντάπα
683 1095 750 1114 ==
792 1081 897 1126 σιν
939 1084 1057 1144 μεν
1104 1055 1213 1126 οὖν
1260 1099 1342 1108 —-—
1394 1059 1627 1125 Βούλει
1676 1055 1800 1125 οὖν.
1881 1065 2033 1124 Tum
2062 1066 2254 1141 figura
2285 1065 2335 1124 B
2364 1065 2546 1126 huius

295 1173 524 1232 formae
578 1174 795 1232 abccab
850 1172 1208 1233 constituere
1272 1189 1590 1250 possumus
1648 1167 1912 1253 [βουΊλει
1971 1162 2082 1232 οὖν
2136 1167 2247 1232 καὶ
2304 1163 2547 1233 Νικίαν

296 1273 486 1340 τόνδε
531 1275 1018 1360 παρακαλῶμεν
1050 1271 1168 1339 ἐπὶ
1199 1275 1276 1339 τὸ
1306 1271 1696 1363 κυνηγέσιον,
1748 1268 1874 1340 είτι
1923 1327 1934 1339 .
1972 1328 1982 1339 .
2018 1325 2031 1338 .
2187 1268 2399 1361 -ρός’
2372 1296 2548 1339 εστιν

299 1422 387 1432 ——
435 1381 771 1465 Βούλομαι
827 1390 977 1460 πῶς
1031 1383 1152 1468 γὰρ
1207 1378 1354 1462 ούκς
1411 1419 1494 1431 --
1535 1374 1678 1446 ’Ίθι
1736 1381 1815 1470 δή
1860 1381 1985 1469 (δή)
2032 1307 2141 1446 (ἔ-ρ
2126 1381 2135 1468 l
2176 1377 2382 1447 Νικία
2429 1379 2542 1446 ἀν-
2571 1387 2754 1445 1940.

299 1489 497 1576 δράσι
561 1485 780 1578 φίλοις
839 1513 986 1572 χει·
1043 1495 1064 1574 (
1062 1533 1547 1555 --------
1563 1487 2022 1579 >ace-eulx
2039 1531 2525 1556 υυυυυυυυ
2524 1495 2544 1573 )

297 1602 609 1662 interiecta
675 1606 816 1662 sunt
867 1620 935 1662 τι
990 1597 1170 1685 ἡμῶν
1226 1593 1607 1680 εύποβώτε-
1613 1647 1628 1676 ,
1696 1601 1931 1679 quibus
1967 1600 2255 1680 repetitur
2306 1600 2546 1662 initium

299 1709 534 1769 numeri
601 1703 756 1789 -ρός
819 1702 995 1769 ἐστιν
1051 1745 1134 1753 -
1193 1702 1545 1786 Βούλομαι.
1611 1712 1777 1782 πῶς.
1879 1707 2061 1769 Porro
2118 1701 2547 1787 -μαζομένοις

301 1817 370 1895 (..
386 1854 870 1876 ψψψψψψψψ
885 1814 951 1888 2)
999 1809 1066 1876 ἐν
1105 1810 1273 1897 λόγῳ
1304 1808 1418 1876 καὶ
1466 1809 1607 1876 ἄπο
1649 1844 1713 1864 =
1754 1810 2091 1900 βοήθησον
2122 1804 2189 1876 εί
2210 1815 2330 1876 τιν’
2364 1814 2544 1893 ἔχεις.

299 1923 512 2000 Itaque
557 1922 852 1982 immerito
897 1921 1270 1983 addubitavit
1308 1922 1711 1983 Hartmannus
1727 1920 1772 2002 1)
1818 1923 1995 1983 verba
2040 1915 2153 1982 καὶ
2199 1915 2542 2006 ἀποροῦσι,

299 2049 441 2089 nam
487 2022 764 2112 ἀπορεῖν
807 2034 1037 2090 tantum
1084 2030 1254 2090 abest
1296 2036 1365 2089 ut
1411 2030 1733 2106 imaginem
1780 2029 2145 2089 Platonicam
2192 2037 2543 2108 corrumpat,

299 2143 372 2197 ut
400 2137 476 2196 de
505 2137 845 2197 hominibus
877 2129 943 2196 ἐν
971 2131 1140 2218 λόγῳ
1167 2130 1658 2216 χειμαζομένοις
1697 2137 2005 2215 aptissime
2037 2137 2287 2197 dicatur.
2363 2137 2546 2198 Recte

303 2244 466 2304 enim
523 2262 587 2304 se
642 2245 861 2304 habent
914 2245 1093 2304 etiam
1149 2262 1300 2322 quae
1345 2251 1693 2322 sequuntur.
1784 2244 2005 2325 Figura
2048 2244 2235 2305 altera
2278 2250 2545 2322 apparet:

304 2342 470 2427 ἔχεις
517 2346 801 2430 δύναμιν.
850 2347 932 2411 τὰ
976 2344 1096 2430 μὲν
1140 2347 1260 2433 γὰρ
1307 2346 1387 2435 δὴ
1419 2397 1431 2410 .
1466 2398 1479 2410 .
1515 2397 1528 2410 .
1570 2379 1641 2400 =
1682 2342 1894 2412 εἰπὼν
1933 2346 2036 2411 ὅτι
2069 2347 2209 2434 ἡγεῖ
2233 2342 2545 2432 ἀνδρείαν.

305 2457 507 2518 Verba
548 2458 856 2518 interiecta
910 2477 1027 2518 non
1083 2459 1276 2519 solum
1332 2459 1489 2519 inter
1535 2477 1600 2519 se
1644 2459 2003 2536 respondent
2048 2451 2297 2542 ἡμέτερ’
2345 2453 2499 2541 ὁρᾷς
2531 2478 2545 2518 :

307 2560 395 2639 ὡς
439 2559 687 2648 ἄπορα·
735 2561 814 2625 σὺ
860 2561 916 2626 δ’
965 2566 1072 2626 sed
1118 2566 1296 2626 etiam
1341 2569 1621 2643 repetunt
1666 2559 1941 2648 ἀνδράσι
1987 2556 2209 2648 φίλοις
2241 2558 2548 2644 χειμαζο-

304 2666 524 2751 μένοις
568 2674 785 2750 quibus
832 2691 1012 2750 supra
1055 2673 1151 2733 usi
1197 2691 1422 2734 sumus.
1499 2673 1683 2734 Porro
1730 2659 1897 2734 εἶναι
1944 2669 2111 2755 ἡμᾶς
2153 2691 2225 2733 τε
2270 2677 2548 2750 repetunt

305 2781 486 2840 verba
531 2785 799 2841 extrema
842 2781 1067 2857 figurae
1119 2779 1422 2859 proximae
1478 2781 1693 2858 prioris
1748 2776 1887 2864 ἡγεῖ
1942 2770 2255 2861 ἀνδρείαν,
2314 2780 2419 2840 sed.
2472 2781 2546 2840 ab

307 2884 475 2972 ἡμᾶς
526 2889 742 2965 incipit
793 2888 984 2965 figura
1039 2888 1315 2948 secunda.
1407 2888 1688 2948 Potestne
1734 2888 1985 2949 fortasse
2031 2873 2198 2948 εἶναι
2243 2887 2434 2947 omitti
2479 2893 2547 2948 ut

310 3013 484 3072 saepe
529 3001 664 3072 post
710 2986 990 3073 νομίζειν
1034 2999 1092 3055 et
1137 2990 1483 3078 ἡγεῖσθαιῗ
1559 2991 1729 3078 ἡμᾶς
1773 3013 1845 3055 τε
1889 3001 2003 3077 τῆς
2039 2987 2325 3075 ἄποριας
2355 2985 2429 3055 ἔκ
2470 3024 2537 3043 ---

311 3097 501 3162 λυσαι
547 3094 660 3161 καὶ
706 3094 899 3175 αὐτὸς
943 3093 986 3160 ἃ
1032 3100 1201 3175 νοεῖς
1244 3101 1368 3182 τῷ·
1411 3106 1541 3162 tum
1587 3095 1755 3183 λόγῳ
1784 3092 2144 3180 βεβαίωσαι
2187 3131 2253 3150 =
2298 3136 2379 3146 -
2414 3103 2546 3162 Δο-

310 3207 480 3270 κεῖτε
519 3200 733 3270 τοίνυν
760 3227 875 3286 μοι
889 3255 905 3284 ,
953 3208 1212 3286 denique
1241 3207 1418 3269 κεῒτε
1446 3199 1661 3269 τοίνυν
1687 3226 1803 3286 μοι
1836 3202 2059 3268 πάλαῖ
2098 3237 2167 3256 =--
2209 3200 2283 3269 οὖ
2314 3203 2544 3284 καλῶς,

311 3308 362 3376 ὦ
406 3310 747 3398 Σώκρατες
775 3314 843 3396 (-
857 3353 906 3376 υ
920 3368 968 3375 -
991 3368 1030 3374 ..
1045 3367 1091 3374 -
1106 3353 1154 3374 υ
1168 3315 1253 3393 ψ).
1332 3313 1433 3375 Sic
1476 3315 1899 3374 continuantur
1943 3314 2174 3374 numeri
2219 3333 2329 3391 per
2356 3320 2547 3376 totum

311 3424 605 3500 dialogum
660 3423 1126 3500 disputatoribus
1179 3421 1340 3482 inter
1395 3440 1461 3482 se
1517 3440 1848 3483 sermonem
1899 3426 2003 3481 aut
2048 3439 2224 3498 saepe
2267 3427 2372 3482 aut
2414 3441 2546 3483 raro

312 3530 757 3609 excipientibus
833 3529 1044 3607 Neque
1088 3547 1332 3607 possum
1376 3529 1649 3589 invenire
1692 3529 1796 3589 ubi
1840 3529 2013 3589 facile
2058 3528 2363 3603 desistam,
2409 3547 2543 3589 cum

313 3637 691 3697 manifestum
750 3637 828 3696 sit
882 3642 944 3696 et
994 3637 1113 3696 iam
1168 3637 1397 3714 pridem
1451 3655 1488 3696 a
1532 3635 1764 3696 Blassio
1817 3636 2186 3713 exploratum
2240 3636 2548 3696 Platonem

311 3744 369 3802 in
414 3762 529 3804 usu
574 3760 952 3805 numerorum
998 3761 1128 3804 sese
1182 3761 1379 3821 neque
1433 3743 1581 3804 eolis
1626 3761 1820 3821 neque
1866 3741 2154 3802 clausulis
2198 3742 2548 3804 astrinxisse

311 3849 364 3910 Ν
364 3851 583 3911 ordeno
628 3851 804 3911 etiam
851 3851 1055 3911 invito.
1132 3849 1618 3910 Demonstratum
1660 3850 1846 3928 igitur
1889 3868 2049 3911 nunc
2091 3850 2381 3911 habemus
2410 3849 2546 3911 Pla-

312 3964 506 4018 tonem
535 3958 803 4018 numeris
833 3958 1237 4036 composuisse
1265 3956 1503 4017 initium
1530 3957 1831 4036 finemque
1860 3957 2040 4018 huius
2068 3975 2305 4036 quoque
2328 3957 2548 4034 dialogi

314 4071 372 4126 et
415 4065 737 4125 orationem
767 4065 1046 4126 Lachetis
1090 4066 1324 4142 longam
1371 4070 1434 4126 et
1476 4066 1641 4127 hunc
1669 4067 1864 4127 locum
1894 4066 1996 4125 ubi
2027 4083 2221 4126 sermo
2251 4065 2547 4143 loquentis

2462 245 2541 302 25

284 425 630 483 membrum
676 423 933 501 primum
979 424 1204 499 figurae
1248 422 1522 499 alteriue,
1570 421 1739 482 cuius
1785 422 2114 482 membrum
2146 426 2423 499 quartum
2456 426 2547 481 est
2564 423 2755 481 1943.

2 1726 9 1781 .

0 1890 15 1947 t

478 4293 530 4362 1)
549 4293 867 4362 Hartmann,
891 4293 1015 4346 “De
1034 4291 1366 4347 emblematis
1385 4291 1438 4348 in
1449 4291 1686 4348 PIatonis
1704 4295 1861 4348 textu
1881 4291 2053 4346 obviis
2065 4290 2110 4343 ”.
2150 4291 2369 4362 Leyden
2384 4290 2539 4346 1898.
