3117 5034
496 284 625 356 »20

327 479 518 537 18313.
538 475 636 534 vel
688 473 950 550 Euthyd.
1004 475 1132 534 274
1172 474 1242 532 A.
1308 461 1755 533 ἐπιδεικνύναι
1822 461 2079 554 σοφίαν,
2145 471 2244 531 vel
2305 471 2565 548 denique
2626 469 2789 532 Xen.

328 2404 435 2460 183
446 2403 510 2460 O.

541 582 722 642 Conv.
758 584 816 641 3.
859 583 896 641 3
911 625 926 655 ,
980 581 1082 640 ubi
1129 570 1371 662 σοφίαν
1425 578 1829 657 supplendum
1884 584 2002 653 est,
2060 579 2216 639 siout
2266 580 2381 638 hoe
2435 579 2567 638 loeo
2620 597 2789 660 τρα-

540 679 795 769 γῳδίαν.
889 687 1011 748 Gur
1062 687 1245 763 igitur
1297 706 1409 747 non
1467 687 1611 746 lieet
1664 686 1845 747 etiam
1897 686 2132 746 Platoni
2186 685 2300 746 hoe
2344 685 2475 744 loeo
2522 677 2787 746 ἐπιδεί-

540 812 722 856 κνυσι
788 785 1193 876 (τραγῳδίαν)
1257 794 1491 854 dicere?
1589 793 1933 853 Badhamus
1994 793 2252 853 fortasse
2306 799 2548 870 propter
2601 794 2789 870 parti-

539 903 695 978 eipia
746 902 1020 978 proxima
1073 891 1558 978 ἐπιδεινύμενος
1612 905 1673 960 et
1727 892 2295 977 ἐπιδεικνυμένους
2349 901 2425 959 de
2479 904 2641 960 reeta
2684 901 2792 958 via

539 1008 850 1086 paululum
913 1008 1219 1068 descessit.
1331 1007 1452 1069 Sed
1515 1009 1651 1068 nolo
1703 1007 1978 1084 pluribus
2040 1009 2104 1066 in
2167 1026 2233 1066 re
2299 1007 2545 1066 minime
2599 1007 2789 1066 dubia

541 1117 771 1176 morari.
863 1116 1046 1175 Reote
1095 1133 1162 1174 se
1205 1115 1425 1174 habent
1469 1115 1648 1174 etiam
1695 1115 1930 1174 numeri
1976 1114 2229 1192 proximi
2276 1118 2618 1190 sequentes:
2666 1106 2790 1174 οὐδ

543 1216 723 1304 ἄκρῳ
767 1215 932 1284 ποδὶ
981 1212 1444 1300 ἐπιβαίνοντας
1488 1217 1705 1302 κύκλῳ
1735 1215 1808 1281 δὲ
1834 1216 2269 1302 περιιόντας(
2269 1258 2688 1281 --------
2694 1221 2787 1294 2).

542 1329 696 1389 Tum
741 1323 1042 1410 -ριόντας
1086 1321 1284 1411 αὐτὴν
1314 1322 1426 1388 καὶ
1457 1334 1670 1389 πᾶσιν
1698 1323 1945 1407 μᾶλλον
1975 1320 2588 1406 ἐπιδεικνυψένους)
2621 1374 2634 1386 .
2666 1373 2680 1386 .
2716 1373 2728 1387 .
2766 1347 2784 1386 :

541 1431 834 1513 μάλιστα
888 1430 1145 1508 τούτοις
1199 1425 1272 1496 οἳ
1319 1429 1440 1495 κᾶν
1485 1428 1671 1496 αὐτοὶ
1717 1429 2095 1518 ὁμολογήσει
2104 1431 2229 1518 [αν]
2279 1439 2297 1512 (
2297 1473 2721 1495 -------
2736 1473 2791 1494 υ

539 1541 932 1619 guum-z).
1027 1542 1347 1604 Interieota
1400 1547 1542 1602 sunt
1599 1578 1631 1588 -
1641 1535 1874 1620 μένους
1927 1535 2039 1602 καὶ
2080 1571 2148 1591 =
2188 1536 2497 1620 μάλιστα.
2599 1542 2787 1601 Porro

547 1684 574 1696 -
592 1671 672 1711 αν
701 1644 986 1723 πολλοὺς
1015 1654 1200 1732 σφῶν
1229 1642 1439 1731 προτέ
1465 1677 1536 1698 =
1564 1669 1714 1732 ρους
1744 1635 1911 1710 εἶναι
1940 1644 2116 1731 πρὸς
2143 1645 2227 1708 τὰ
2262 1654 2377 1710 τοῦ
2408 1650 2430 1727 (
2429 1687 2691 1710 -----
2695 1648 2784 1727 a).

541 1757 694 1817 Tum
740 1759 804 1817 in
848 1776 1035 1835 pausa
1076 1758 1238 1818 voois
1285 1762 1380 1818 est
1424 1757 1714 1835 correptis
1761 1758 2023 1832 syllabae
2066 1757 2278 1833 longae
2330 1761 2469 1818 ante
2519 1757 2787 1816 vocalem

540 1865 812 1940 neglecta
858 1865 970 1924 sio:
1019 1857 1327 1942 πολέμὸῦ.
1405 1852 1670 1924 ’Έπειτ’
1717 1854 1771 1924 ὦ
1817 1854 2147 1941 Λυσίμαχ’
2196 1857 2271 1924 οὗ
2315 1857 2493 1923 πάνυ
2531 1891 2603 1913 --
2642 1854 2787 1924 ὀλί-

542 1989 683 2052 γοις
736 1963 859 2050 ἐγὼ
916 1965 1159 2032 τούτων
1217 1963 1611 2053 παραγέγον’
1667 1963 1735 2030 ἐν
1790 1970 1809 2043 (
1809 2008 2356 2032 υυυυυυυυυ
2370 1971 2578 2048 200).
2680 1969 2785 2030 Se-

541 2079 746 2158 quitur
787 2080 980 2156 figura
1023 2080 1222 2154 tertia,
1269 2079 1334 2139 in
1379 2098 1498 2158 qua
1541 2078 1894 2139 vocabulum
1940 2072 2115 2159 αὐτῷ
2159 2083 2431 2156 repetere
2475 2078 2617 2139 lieet
2646 2095 2787 2138 cum

541 2187 845 2246 commodo
897 2204 1279 2246 numerorum
1335 2223 1366 2230 -
1379 2204 1518 2266 γοις
1574 2176 1697 2268 ἐγὼ
1753 2181 1998 2246 τούτων
2050 2178 2440 2267 παραγέγον’
2488 2178 2555 2245 ἐν
2608 2177 2787 2266 αὐτῷ

542 2286 769 2372 (αὐτῷ)
832 2294 928 2374 τῷ
992 2285 1182 2374 ἔργῳ,
1257 2286 1372 2353 καὶ
1435 2289 1567 2375 ὁρῶ
1634 2277 1766 2354 οἶοί
1812 2319 1883 2342 =
1932 2284 2100 2353 εἶσιν
2163 2286 2235 2366 ἐξ
2295 2286 2472 2353 ἐστιν
2534 2285 2607 2353 δέ
2668 2286 2784 2353 καὶ

540 2393 825 2460 αὐτόθεν
869 2395 1022 2482 ἡμῖν
1067 2392 1478 2482 σκέψασθαῖ.
1538 2396 1768 2481 ὥσπερ
1811 2395 1932 2481 γὰρ
1981 2391 2290 2485 ἐπίτηδες
2343 2399 2364 2477 (
2364 2439 2789 2462 -------

540 2545 838 2568 υυυυυ
860 2501 1531 2591 Ι--ψ--ψυυ-ψ).
1614 2506 1766 2566 Tum
1798 2507 2070 2585 sequitur
2114 2507 2304 2582 figura
2348 2513 2584 2585 quarta:
2633 2502 2786 2580 -δες

541 2607 754 2688 οὐδεὶς
804 2609 1075 2674 πώποτ’
1133 2606 1473 2691 εὐδόκιμος
1524 2631 1673 2694 yeyo
1705 2660 1717 2674 .
1753 2660 1766 2673 .
1801 2659 1813 2673 .
1865 2633 1879 2673 ε
1924 2607 2350 2674 -δευσάντων,
2417 2606 2635 2674 καίτοι
2690 2603 2787 2687 εἴς

540 2740 613 2803 γε
664 2717 748 2780 τὰ
802 2713 967 2781 ἄλλα
1021 2714 1216 2780 πάντ’
1261 2720 1573 2781 interiecta
1617 2725 1760 2781 sunt
1818 2740 1977 2798 -κιμ
1985 2738 2057 2794 ος
2098 2713 2353 2802 γέγονεν
2397 2713 2467 2781 ἐν
2508 2721 2604 2802 τῷ
2646 2739 2783 2782 πο-

541 2821 716 2909 λέμῳ
755 2857 825 2876 =
865 2820 1021 2912 ἀνὴρ
1076 2831 1206 2887 τῶν
1251 2822 1334 2886 τὰ
1379 2817 1674 2888 ὁπλιτίκ’
1722 2820 1968 2912 ἐπιτη-
2017 2827 2038 2907 (
2034 2865 2644 2890 ψψψψψψψψψψ
2710 2822 2786 2888 ἐκ

541 2931 786 2995 τούτων
822 2926 884 2994 οἳ
921 2928 1272 3012 ὀνομαστοὶ
1315 2935 1670 3012 comparatis
1716 2952 1852 2994 oum
1902 2970 1933 2980 -
1946 2933 2135 3001 σθαι.
2185 2931 2412 3016 ὥσπερ
2458 2932 2579 3016 γὰρ
2627 2926 2783 2996 ἐπί-

541 3037 754 3126 τηδες,
819 3046 890 3100 ut
952 3042 1142 3117 figura
1205 3041 1454 3101 formam
1519 3043 1737 3102 abooba
1801 3042 2094 3101 exhibeat
2190 3043 2369 3102 Porro
2425 3080 2458 3088 -
2471 3037 2783 3121 νομαστοὶ

541 3140 886 3230 γίγνονταῖ,
921 3140 995 3207 ἐκ
1024 3151 1153 3207 τῶν
1183 3139 1750 3231 ἐπιτηδευσάντων
1779 3175 1844 3196 ===
1876 3140 2130 3223 &naa-92
2166 3137 2423 3228 οὗτοιδ’,
2458 3145 2547 3223 ὡς
2575 3140 2785 3210 ἔοικεν

540 3251 729 3336 παρὰ
798 3251 948 3328 τοὺς
1018 3247 1251 3327 ἄλλους
1315 3249 1527 3336 οὒῖτω]
1595 3255 1615 3332 (
1613 3293 2479 3317 --------------
2479 3254 2500 3335 )
2506 3303 2517 3315 .
2628 3256 2783 3331 Quid

539 3362 913 3423 manifestius
957 3380 1090 3422 esse
1133 3381 1311 3440 quam
1356 3362 1663 3439 responsio
1710 3379 1973 3440 sequens
2018 3365 2249 3440 potest?
2341 3359 2508 3425 οὕτω
2555 3348 2781 3446 mpod&

541 3461 635 3543 εἰς
678 3475 870 3530 τοῦτο
915 3463 1456 3553 δεδυστυχήκασιν
1501 3462 1652 3530 ἐπεὶ
1692 3499 1764 3519 -
1802 3463 1918 3530 καὶ
1963 3475 2189 3531 τοῦτον
2243 3467 2355 3530 τὸν
2399 3462 2780 3555 Στησίλεων,

540 3569 613 3639 ὃν
657 3573 840 3654 ὑμεῖς
882 3573 1022 3655 μετ’
1073 3569 1230 3653 ἐμοῦ
1277 3577 1420 3655 (.--,
1439 3616 2197 3655 -------------
2198 3579 2234 3655 ).
2328 3577 2544 3654 Figura
2597 3579 2785 3638 altera

541 3685 832 3761 sequitur,
863 3685 1036 3743 ouius
1068 3684 1334 3743 membra
1363 3688 1631 3744 extrema
1660 3685 1910 3745 formam
1944 3686 2167 3762 figurae
2197 3687 2412 3745 tertiae
2444 3692 2642 3748 notam
2678 3703 2783 3746 ex-

540 3792 748 3850 hibent
793 3791 906 3850 sio:
962 3792 1035 3849 ab
1047 3791 1223 3850 ooab:
1280 3783 1347 3850 ἐν
1391 3785 1681 3872 τοσούτῳ
1730 3782 1897 3872 ὄχλῳ
1944 3782 2352 3878 welanao-9²
2409 3785 2781 3853 ἐπιδεικνύ-

544 3894 779 3979 [μενον]
828 3943 841 3956 .
880 3942 892 3956 .
927 3943 938 3956 .
981 3927 1050 3946 -ι
1093 3891 1338 3980 [αὖ]τοῦ
1387 3890 1647 3978 λέγονθ’
1704 3891 1747 3960 ἃ
1800 3889 2011 3980 ἔλεγεν
2068 3890 2385 3984 ἐΙτέρωθι
2442 3892 2565 3981 ἐγὼ
2611 3893 2782 3960 κάλ-

542 4004 563 4084 (
563 4043 1045 4066 ψψψψψψψψ
1067 3999 1143 4088 Ιὶκ.
1159 4057 1206 4065 .-
1221 4042 1268 4065 υ
1283 4043 1330 4065 υ
1345 4043 1392 4065 ψ
1407 4003 1502 4084 2);
1535 4007 1714 4067 verba
1761 4007 2067 4067 interiecta
2110 4007 2270 4067 inter
2301 4025 2366 4067 se
2394 4007 2783 4084 respondent:

547 4146 575 4159 ·
591 4107 796 4172 άσαθ’
829 4102 1356 4190 ἐπιδείκνυμενον
1376 4141 1440 4160 =
1463 4105 1576 4173 καὶ
1596 4109 1679 4173 τὰ
1695 4107 1947 4194 μεγάλα
1970 4108 2125 4196 περὶ
2149 4109 2275 4174 αὖ·
2302 4114 2783 4194 (daugma).

541 4220 722 4279 Porro
772 4213 1091 4303 [κάλ]λιον
1136 4212 1516 4303 ἐθεασάμην
1570 4215 1658 4293 ὡς
1703 4214 1747 4280 ἅ
1781 4267 1793 4280 .
1826 4268 1840 4282 .
1876 4267 1889 4280 .
1929 4249 1999 4270 =
2042 4214 2620 4304 [ἐπι]δεικνύμενον
2672 4215 2787 4299 οὐχ

542 4318 773 4390 ἓκόντᾶ
811 4343 1005 4409 προσ.
1039 4331 1056 4402 (
1059 4366 1543 4392 „„„„„„„„
1558 4325 1653 4408 κ-ι);
1700 4328 2007 4390 interiecta
2053 4334 2195 4390 sunt
2242 4325 2512 4416 -ληθῶς
2556 4320 2677 4390 ἐπι
2700 4357 2777 4382 ===
