3117 5034
327 426 516 484 2⁰⁰1).

328 641 434 698 2⁰1
449 641 520 700 A.

330 2350 435 2406 201
449 2350 524 2406 Β.

552 246 631 306 16

546 429 789 500 propter
834 423 1285 483 similitudinem
1317 425 1444 484 soni
1477 425 1905 502 positionisque
1937 426 2247 485 verborum
2280 444 2565 487 numerus
2597 423 2636 510 ἡ
2644 447 2693 504 μ
2705 431 2753 486 ἅ
2759 447 2793 501 ς

548 524 758 615 ζητεῖν
810 525 1100 608 μάλιστα
1154 524 1274 609 μὲν
1323 561 1387 580 ==
1441 528 1619 615 ἡμῖν
1674 524 1895 604 αὐτοῖς
1960 525 2358 593 διδάσκαλον
2414 534 2791 610 gratissimus

545 643 664 715 est,
719 642 916 697 tamen
968 637 1292 714 simplicior
1336 638 1485 697 mihi
1529 638 1767 697 videtur
1812 639 1960 698 haec
2013 657 2396 699 numerorum
2451 640 2790 717 dispositio:

545 741 602 822 a)
663 737 786 825 ἐγὼ
842 739 964 826 γάρ
1009 761 1182 828 φημι
1233 751 1459 827 χρῆναι
1516 735 1570 805 ὦ
1610 740 1619 826 Ι
1661 737 1885 824 ἄνδρες
1924 743 1933 827 Ι
1986 779 2069 788 -
2136 743 2195 824 b)
2253 739 2462 819 οὐδεὶς
2514 743 2635 828 γὰρ
2682 739 2792 807 ἔκ-

547 868 749 934 φορος
805 897 818 910 .
852 897 865 910 .
900 897 912 910 .
948 871 961 911 :
993 849 1067 928 α’)
1126 847 1293 934 ἡμᾶς
1350 844 1563 934 ζητεῖν
1607 845 1906 928 ,μάλιστα
1958 869 2077 929 μεν
2126 851 2134 931 Ι
2187 849 2333 936 ἡμῖν
2380 849 2389 934 Ι
2438 849 2516 931 b⁴)
2572 846 2794 926 αὐτοῖς

547 951 960 1032 διδάσκαλον,
1017 958 1326 1017 interiecta
1381 962 1522 1016 sunt
1568 954 1623 1035 c)
1669 951 1859 1038 λόγου
1906 991 1990 1002 —-
2038 959 2221 1041 κοινῇ
2266 953 2409 1019 πάν
2446 987 2516 1008 =
2556 957 2630 1038 ε’)
2676 979 2795 1032 τας

548 1062 716 1149 ἡμᾶς
762 1058 988 1150 ζητεῖν,
1045 1069 1112 1123 ut
1167 1065 1358 1140 figura
1404 1064 1665 1124 secunda
1709 1069 1933 1140 exstet,
1988 1065 2160 1125 euius
2216 1068 2481 1126 membra
2525 1072 2793 1126 extrema

545 1173 793 1232 formam
865 1173 1088 1247 figurae
1151 1172 1360 1231 tertiae
1427 1170 1658 1230 solitam
1725 1171 2011 1230 exhibent
2068 1172 2181 1231 sic:
2247 1173 2544 1247 abcc⁴a⁴b¹,
2614 1192 2791 1250 quam

547 1284 809 1338 statuere
866 1296 935 1338 eo
989 1278 1188 1336 minus
1244 1277 1446 1336 dubito
1502 1277 1661 1355 quod
1715 1277 1871 1336 inter
1924 1297 1959 1337 a
2013 1283 2072 1338 et
2122 1280 2160 1338 b
2214 1297 2333 1338 non
2388 1279 2581 1338 solum
2630 1280 2791 1339 vocis

547 1403 734 1463 pausa
769 1385 878 1445 sed
925 1385 1103 1444 etiam
1149 1403 1331 1461 parva
1377 1384 1669 1460 quaedam
1708 1385 2035 1444 sententiae
2081 1385 2433 1463 interruptio
2477 1385 2793 1446 intercedit

548 1493 614 1570 (Ξ
631 1529 1142 1563 ---------
1157 1485 1233 1574 ι-κΙ
1257 1529 1553 1551 -----
1569 1489 1651 1569 2).
1732 1486 2017 1552 -σκαλον
2048 1487 2136 1564 ὡς
2166 1483 2449 1570 ἄριστον,
2498 1485 2790 1570 δεόμεθα

559 1628 622 1648 =
667 1592 815 1679 γάρ,
873 1589 1109 1658 ἔπειτα
1165 1592 1276 1658 καὶ
1331 1596 1471 1670 τοῖς
1512 1589 1884 1678 μειρακίοις
1928 1597 1949 1678 (
1948 1637 2311 1658 ------
2326 1598 2608 1675 guez),
2662 1605 2789 1659 tum

546 1703 686 1777 τοῖς
737 1696 1134 1786 μειρακίοις,
1200 1698 1362 1787 μήτε·
1413 1698 1627 1787 χρημά
1670 1724 1683 1763 :
1726 1724 1855 1764 των
1908 1698 2331 1786 φειδομένους
2390 1701 2537 1788 μήτ’
2594 1699 2791 1766 ἄλλου

544 1805 863 1897 μη[δενός]
921 1809 941 1890 (
941 1850 1423 1872 --------
1439 1809 1522 1890 Ξ).
1633 1811 1815 1870 Porro
1868 1806 2017 1894 μήτ’
2074 1805 2271 1872 ἄλλου
2324 1806 2622 1897 μηδενός·
2682 1803 2792 1872 ἐᾶν

547 1914 604 1978 δ’
649 1915 816 2002 ἡμᾶς
860 1912 1091 1990 αὐτοὺς
1134 1938 1146 1976 :
1191 1909 1353 1995 ἔβζειν
1399 1914 1486 1990 ὡς
1535 1923 1641 1976 νῦν
1688 1909 1909 1996 ἐῇζομεν
1955 1911 2029 1978 οὐ
2076 1911 2481 1996 ξυμβουλεύω
2539 1921 2791 1995 (sa-„-

543 2064 967 2086 -------
982 2023 1077 2102 κ-ι);
1136 2031 1265 2084 tum
1320 2020 1500 2084 λεύω.
1559 2015 1617 2084 εἰ
1667 2017 1739 2083 δέ·
1785 2043 1889 2097 τις
1934 2021 1973 2107 ἡ
2014 2055 2080 2074 =
2120 2029 2262 2102 μῶν
2317 2020 2789 2106 καταγελάσεθ’

546 2133 613 2210 (-
629 2171 675 2192 ψ
691 2131 961 2211 κ--ωψκ-ι).
1053 2131 1180 2190 Iam
1227 2132 1599 2208 exploratum
1646 2136 1739 2190 est
1782 2135 2166 2207 anapaestum
2211 2132 2340 2191 loco
2396 2132 2645 2208 spondei
2688 2137 2793 2192 aut

546 2239 727 2298 iambi
772 2239 835 2298 in
880 2240 1114 2297 numeri
1160 2238 1328 2298 initio
1375 2239 1512 2314 poni
1559 2256 1758 2314 posse,
1806 2243 1875 2298 ut
1919 2238 2007 2297 nil
2053 2239 2247 2297 obstet
2292 2238 2611 2315 quominus
2642 2239 2790 2313 figu-

546 2364 674 2404 ram
729 2345 980 2423 primam
1031 2345 1123 2405 sic
1176 2345 1631 2404 constituamus:
1690 2340 1791 2404 ὅτι
1848 2336 2165 2428 τηλικοίδ’
2222 2337 2398 2417 ὄντες
2444 2336 2537 2418 εἷς
2576 2373 2647 2395 =
2687 2340 2791 2405 δι-

549 2447 891 2513 δασκάλων
945 2445 1293 2534 ἀξιοῦ[μεν]
1353 2451 1468 2532 ((ψ)
1488 2490 1909 2512 -------
1918 2450 1954 2530 ).
2050 2451 2167 2511 Sed
2212 2452 2387 2510 valde
2436 2452 2653 2510 mirum
2698 2456 2794 2511 est

547 2578 724 2637 quam
773 2559 991 2618 similia
1037 2561 1156 2618 sint
1201 2559 1347 2618 haec
1394 2560 1571 2617 verba
1616 2559 1837 2634 verbiS,
1895 2577 2044 2636 quae
2098 2558 2275 2634 longo
2322 2558 2564 2636 quidem
2609 2559 2793 2617 inter-

547 2667 703 2726 vallo
767 2666 1138 2726 antecedunt.
1241 2665 1394 2723 Nam
1462 2661 1685 2748 [φη]μι
1746 2671 1971 2747 χρῆναι
2040 2655 2093 2723 ὦ
2158 2657 2383 2745 ἄνδρες
2440 2701 2525 2710 -
2584 2657 2793 2738 οὐδεὶς

547 2770 666 2856 γὰρ
731 2765 1006 2858 ἔκφορος
1069 2768 1258 2854 λόγου
1324 2809 1409 2818 -
1476 2778 1662 2855 κοινῇ
1896 2791 2083 2849 paene
2148 2772 2416 2832 eiusdem
2482 2789 2793 2831 mensurae

547 2885 690 2941 sunt
749 2886 929 2958 atque
995 2874 1535 2961 [κατᾳγεμάσεθζ
1604 2874 1707 2939 δ’τι
1772 2869 2031 2961 τηλικοί
2086 2873 2143 2938 δ’
2200 2869 2379 2951 ὄντες
2442 2869 2536 2950 εἰς
2601 2872 2791 2938 διδα-

548 2981 806 3048 σκάλων
853 2980 1202 3069 ἄξι[οῢμεν]
1237 2989 1366 3062 (ψει
1381 3024 2180 3046 -------------
2195 2985 2279 3062 2).
2351 2986 2532 3044 Porro
2579 2978 2791 3044 -σκά-

546 3089 676 3153 λων
723 3086 908 3166 ἂξιοῦ
950 3111 1069 3171 μεν
1113 3098 1352 3176 φοιτᾶν
1395 3088 1508 3153 τὸν
1537 3082 1913 3176 ;”Όμηρον
1959 3087 2137 3152 δοκεῖ
2180 3110 2297 3169 μοι
2340 3097 2564 3174 χρῆναι
2608 3108 2791 3171 προ-

548 3201 567 3278 (
568 3239 1114 3262 ---------
1112 3199 1134 3278 )
1141 3247 1150 3259 .
1242 3200 1418 3260 Nunc
1470 3193 2007 3279 προβάλλεσθαι,
2066 3189 2137 3270 ὃς
2194 3189 2321 3280 ἔφη
2370 3190 2486 3258 οὐκ
2533 3192 2793 3280 ἀγαθήν

543 3326 852 3384 compares
915 3325 1132 3385 quaeso
1197 3326 1334 3367 cum
1389 3307 1587 3366 verbis
1650 3305 2138 3365 antecedentibus
2192 3323 2295 3377 τις
2349 3300 2530 3387 ἡμῶν
2582 3322 2791 3363 κατα-

547 3410 856 3496 γελασεθ,
907 3409 1009 3475 ὅτι
1056 3433 1204 3498 τη-.
1283 3413 1487 3491 Itaqae
1529 3412 1694 3472 haud
1740 3411 1862 3471 scio
1906 3429 1985 3470 an
2031 3412 2177 3471 haec
2208 3411 2387 3470 verba
2428 3411 2492 3468 in
2538 3411 2789 3485 figuram

543 3522 796 3581 alteram
849 3523 1063 3582 abbcca
1109 3521 1432 3596 redigenda
1481 3520 1629 3595 sint,
1684 3512 1993 3598 βουλεύω,
2052 3507 2112 3577 εἶ
2168 3509 2242 3576 δέ
2295 3536 2397 3590 τις
2440 3516 2791 3593 comparatis

543 3647 683 3688 cum
730 3624 909 3711 ἡμῶν
953 3621 1324 3709 καταγελά-
1373 3623 1789 3704 (--ψευψ).

1027 3754 1128 3808 τις
1174 3730 1353 3817 ἡμῶν
1396 3728 1892 3814 καταγελασεθ’,
1938 3725 2042 3791 δ’τι
2090 3750 2205 3815 τη-

1170 3835 1488 3926 τηλικοιδ’
1529 3831 1707 3912 ὄντες
1752 3829 1845 3912 εἶς
1884 3833 1987 3898 δι-

1115 3845 1514 4023 ίδασκάλων
1560 3940 1861 4024 ἀξιοῦμεν
2006 3841 2043 4019 }

1171 4049 1430 4115 σκάλων
1476 4047 1778 4131 ἀξιοῦμεν
1822 4057 2062 4135 φοιτᾶν
2106 4046 2217 4111 τὸν

1116 4058 1446 4244 ί“’ομηρον
1491 4155 1671 4221 δοκεῖ
1707 4177 1822 4238 μοι
1865 4165 2091 4241 χρῆναι
2136 4054 2346 4239 noo-2}

1027 4262 1555 4351 προβαλλεσθαι,
1614 4258 1686 4340 ὃς
1732 4258 1859 4351 ἔφη
1906 4258 2022 4326 οὐκ
2067 4257 2342 4348 ἀγαθὴν.
