3117 5034
535 189 600 247 -8

562 365 824 424 maxime
885 364 1155 440 idoneos,
1227 365 1548 425 Lachetem
1620 365 1695 425 de
1758 365 2103 426 fortitudine
2166 371 2227 426 et
2289 365 2665 427 Phaedonem
2728 368 2806 428 de

563 471 893 532 animorum
949 471 1415 548 immortalitate,
1480 490 1733 549 quorum
1796 473 2129 548 fragmenta
2195 473 2481 532 nonnulla
2542 473 2805 550 pessime

562 577 763 637 habita
825 577 900 638 ad
964 578 1076 638 hoc
1139 583 1376 655 tempus
1438 595 1547 656 per
1610 583 1699 639 tot
1753 579 1986 639 saecula
2040 580 2277 639 fortuna
2328 580 2583 656 benigna
2637 580 2806 640 nobis

565 685 837 745 servavit.
931 684 1216 759 Quamvis
1262 686 1487 746 varium
1547 686 1628 744 sit
1680 685 1967 746 indicium
2014 685 2272 746 virorum
2327 685 2805 746 doctissimorum

563 791 638 851 de
691 792 788 852 his
842 793 1080 852 chartae
1135 792 1346 852 frustis
1411 794 1559 852 haec
1623 798 1821 852 tamen
1877 792 2151 852 omnibus
2207 792 2582 854 concedenda
2636 797 2804 852 sunt:

567 899 788 975 scripta
833 898 1100 959 Platonis
1154 898 1274 958 iam
1326 898 1517 976 primo
1573 904 1710 976 post
1763 899 1891 959 eius
1946 904 2197 959 mortem
2244 899 2482 959 saeculo
2528 903 2807 975 corrupta

565 1004 782 1079 fuisse,
830 1009 890 1064 et
935 1005 1189 1066 saeculis
1235 1005 1546 1080 tredecim,
1596 1024 1746 1084 quae
1774 1006 2045 1066 insecuta
2076 1011 2216 1066 sunt
2245 1024 2435 1084 usque
2466 1007 2541 1064 ad
2570 1010 2810 1082 tempus

568 1110 788 1170 codicis
820 1110 1128 1172 Bodleiani
1159 1112 1473 1190 irrepsisse
1505 1102 1726 1172 multas
1756 1112 1902 1172 alias
1933 1113 2323 1189 corruptelas,
2371 1131 2518 1190 quas
2558 1111 2809 1172 tollendi

569 1223 814 1278 conatus
869 1219 1255 1296 interpretum
1315 1220 1378 1278 in
1431 1220 1777 1280 universum
1830 1220 2009 1297 plane
2064 1220 2268 1280 futiles
2321 1220 2516 1280 adhuc
2568 1219 2809 1279 fuerint.

569 1325 818 1385 Iudiciis
881 1325 1066 1400 igitur
1129 1326 1422 1386 editorum
1486 1327 1643 1385 inter
1697 1344 1763 1386 se
1818 1326 2229 1386 differentibus
2284 1343 2495 1403 operae
2550 1326 2809 1402 pretium

568 1432 807 1492 videtur
870 1433 1016 1492 haec
1077 1433 1408 1509 fragmenta
1461 1433 1738 1493 Lachetis
1793 1433 2014 1494 auxilio
2070 1451 2446 1493 numerorum
2502 1431 2812 1509 explorare

567 1544 628 1598 et
684 1539 899 1598 minuti
955 1539 1293 1600 examinare
1345 1545 1438 1615 ut,
1505 1539 1556 1600 si
1612 1540 1937 1617 possimus,
1996 1541 2069 1600 de
2124 1540 2211 1600 eis
2267 1558 2417 1618 quae
2474 1541 2813 1616 vulgantur,

571 1645 896 1722 sapientius
941 1645 1301 1722 iudicemus,
1357 1650 1418 1708 et
1463 1652 1668 1724 postea
1714 1647 1790 1706 ad
1838 1652 2033 1707 cetera
2076 1647 2342 1707 Platonis
2397 1647 2619 1723 scripta
2672 1664 2816 1723 pur-

571 1752 762 1828 ganda
825 1753 1308 1832 emendandaque
1371 1772 1482 1814 nos
1547 1753 1832 1814 scientius
1896 1759 1956 1814 et
2018 1754 2369 1831 prudentius
2424 1754 2813 1830 applicemus.

573 1856 988 1931 Quaerendum
1033 1859 1214 1936 igitur
1259 1861 1518 1937 primum
1565 1861 1827 1922 omnium
1870 1866 1963 1920 est
2000 1879 2079 1921 ex
2116 1861 2250 1921 aliis
2282 1860 2498 1936 dialogi
2529 1859 2817 1937 partibuS,

572 1969 772 2025 utrum
826 1967 1058 2026 numeri
1105 1968 1339 2028 omnino
1394 1967 1458 2026 in
1500 1967 1761 2028 Lachete
1814 1972 2049 2045 praesto
2095 1968 2240 2042 sint,
2295 1985 2545 2044 quorum
2588 1966 2818 2027 auxilio

573 2071 948 2132 inventorum
996 2074 1281 2133 iudicium
1328 2074 1403 2133 de
1449 2074 1687 2134 chartae
1730 2075 2080 2135 lectionibus
2124 2073 2369 2134 reddere
2414 2073 2758 2150 poterimus

753 2178 1108 2256 Priusquam
1135 2180 1211 2240 ad
1238 2199 1518 2241 numeros
1545 2181 1825 2241 Lachetis
1854 2181 2294 2241 constituendos
2329 2180 2676 2256 transimus,
2714 2196 2817 2238 eas

574 2302 956 2345 numerorum
1001 2287 1169 2362 leges
1215 2287 1475 2348 breviter
1527 2306 1895 2363 enumerare,
1951 2305 2099 2365 quas
2146 2287 2415 2346 Blassius
2460 2287 2522 2345 in
2578 2285 2818 2362 scriptis

577 2391 705 2451 suis
749 2392 985 2480 copiose
1031 2395 1332 2471 exposuit,
1377 2413 1574 2472 neque
1618 2395 1886 2472 ineptum
1932 2395 2045 2453 hoc
2088 2393 2218 2453 loco
2264 2410 2458 2471 neque
2489 2393 2817 2469 perspicui-

573 2499 716 2558 tatis
772 2517 948 2560 causa
1003 2499 1212 2562 inutile
1267 2502 1583 2563 videbitur.
1684 2502 1810 2562 Has
1864 2500 2265 2578 responsionis
2324 2499 2541 2575 figuras
2594 2499 2699 2558 ille
2756 2504 2821 2559 et

577 2606 886 2666 constituit
949 2609 1011 2668 et
1072 2607 1428 2684 designavit:
1486 2611 1539 2668 A
1580 2639 1643 2658 =
1683 2627 1778 2684 aa,
1835 2609 1937 2686 bb,
1994 2626 2089 2685 cc;
2153 2607 2203 2666 B
2239 2634 2311 2655 =
2346 2606 2520 2680 abba,
2570 2606 2815 2681 abbcca3

577 2713 616 2772 b
645 2741 712 2761 ==
741 2714 839 2790 ab,
894 2715 994 2793 ab,
1050 2715 1184 2790 abc,
1238 2716 1370 2792 abc;
1429 2715 1480 2774 D
1512 2745 1579 2764 =
1607 2716 1850 2790 abccba,
1906 2715 2232 2791 abcddcba3
2296 2711 2597 2772 rarissime
2650 2711 2820 2772 inve-

576 2818 742 2878 nitur
785 2820 976 2896 figura
1007 2821 1082 2898 E,
1129 2823 1193 2880 in
1238 2840 1412 2899 quam
1458 2823 1814 2900 redigendae
1847 2827 1988 2882 sunt
2017 2839 2121 2882 eae
2150 2821 2549 2898 responsionis
2580 2822 2818 2898 formae,

578 2944 731 3003 quae
785 2946 820 2986 a
874 2933 1152 3004 quattuor
1213 2928 1328 2989 iam
1394 2928 1757 2990 enumeratis
1818 2929 1944 2988 leni
2006 2927 2347 2990 discrimine
2404 2927 2641 2986 distant.
2745 2926 2821 2986 In

578 3031 673 3092 his
719 3034 990 3094 omnibus
1045 3035 1254 3111 figuris
1309 3036 1741 3096 constituendis
1794 3054 1981 3094 unum
2036 3035 2313 3096 licentiae
2358 3051 2554 3111 genus
2598 3034 2821 3111 ubique

579 3139 914 3216 legitimum
959 3145 1077 3216 est,
1125 3146 1193 3202 ut
1235 3141 1568 3218 tribrachys
1612 3142 1741 3202 loco
1787 3142 2011 3217 dactyli
2057 3143 2153 3202 sit.
2218 3141 2457 3202 Vocalis
2485 3141 2664 3216 longa
2704 3139 2822 3218 (vel

580 3246 1032 3329 diphthongus),
1079 3268 1228 3328 quae
1274 3251 1392 3309 fine
1422 3248 1584 3309 vocis
1627 3255 1765 3309 ante
1797 3249 2055 3309 vocalem
2093 3249 2285 3326 posita
2322 3254 2440 3324 est,
2488 3247 2821 3324 corripitur.

577 3354 790 3431 Elisio,
846 3356 1067 3435 ubique
1120 3356 1248 3417 fieri
1303 3360 1526 3434 potest,
1584 3356 1739 3416 sicut
1790 3356 1952 3433 apud
2007 3359 2209 3432 poetas
2256 3354 2668 3414 constituenda
2713 3356 2823 3429 est,

577 3465 784 3540 pausis
814 3463 978 3523 vocis
1023 3464 1315 3540 neglectis
1362 3463 1490 3522 sive
1534 3481 1691 3522 unus
1734 3462 1999 3540 loquitur
2045 3462 2207 3522 solus
2255 3461 2381 3521 sive
2424 3462 2627 3538 plures
2671 3459 2826 3519 alter

461 3592 468 3598 ·
579 3589 660 3631 ex
702 3571 886 3631 altero
931 3588 1262 3647 sermonem
1309 3569 1633 3647 excipiunt.
1710 3569 1865 3630 Raro
1910 3570 1979 3629 fit
2022 3574 2091 3629 ut
2136 3572 2198 3627 et
2241 3567 2409 3628 elisio
2444 3572 2504 3627 et
2534 3565 2825 3642 correptio

580 3679 644 3736 in
699 3677 788 3738 eis
840 3677 989 3737 locis
1042 3677 1145 3737 ubi
1199 3677 1645 3754 interpungitur
1696 3676 1934 3753 neglegi
1989 3675 2237 3753 possint.
2330 3673 2670 3734 Secundum
2715 3672 2827 3731 has

579 3787 748 3862 leges
809 3783 996 3861 igitur
1057 3784 1216 3844 locos
1279 3783 1555 3844 Lachetis
1620 3801 1839 3860 paucos
1902 3783 2287 3860 disponamus
2350 3785 2412 3840 et
2475 3797 2826 3858 quaeramus

581 3897 784 3952 utrum
831 3891 949 3950 iam
994 3890 1056 3949 in
1103 3892 1217 3950 hoc
1260 3891 1493 3966 dialogo
1538 3891 1707 3950 Plato
1752 3908 2029 3950 numeros
2073 3889 2266 3949 colere
2312 3887 2587 3966 coeperit.

763 4103 1078 4179 Quaerenti
1134 4105 1283 4165 mihi
1337 4105 1498 4164 locos
1550 4104 1795 4164 idoneos
1849 4103 1925 4162 ad
1978 4100 2384 4163 testimonium
2445 4116 2825 4159 numerorum

579 4212 947 4275 afferendum
987 4212 1139 4272 duae
1179 4211 1302 4272 viae
1338 4211 1670 4289 patefactae
1708 4215 1862 4270 sunt.
1938 4210 2212 4268 Poteram
2243 4207 2402 4268 enim
2434 4211 2539 4266 aut
2569 4205 2830 4282 deligere
